=LDR  07300cam a2200469 i 4500
=001  AAL08272615-0001
=003  Fr-PaAMA
=005  20230711085009.0
=008  230510m20229999gr\abde\\b\\\\000\0\fre\d
=020  \\$a9782869585898$q(paperback ;$qv. 1)$c140,00 EUR
=035  \\$a(OCoLC)1378279560
=040  \\$aFr-PaAMA$beng$erda
=041  0\$afre$aeng
=043  \\$ae-gr---
=050  \4$aDF221.A8$bA745 2022
=082  14$a938
=245  00$aArgos, les fouilles de l'Aspis /$csous la direction de Gilles Touchais et Sylvian Fachard ; avec les contributions de Guy Ackermann [and twelve others].
=264  \1$aAthènes :$bÉcole française d'Athènes,$c2022-
=264  \4$c©2022-
=300  \\$avolumes :$billustrations (chiefly color), color maps, charts, plans ;$c30 cm.
=336  \\$atext$btxt$2rdacontent
=337  \\$aunmediated$bn$2rdamedia
=338  \\$avolume$bnc$2rdacarrier
=490  1\$aÉtudes péloponnésiennes ;$vXV
=504  \\$aIncludes bibliographical references.
=505  00$g Pt. 1. $t Le site et les fouilles -- $g 1. $t L'Aspis dans son environnement -- $t Le site dans son environnement régional -- $t De la source à la crue : la ressource en eau et les risques associés dans la plaine d'Argos -- $g 2. $t "Aspis" dans la littérature archéologique -- $t Les textes anciens -- $t Les récits des voyageurs modernes -- $t La recherche contemporaine -- $g 3. $t L'exploration des niveaux historiques de l'Aspis : histoire des fouilles et présentation des contextes -- $t En marge des fouilles de l'habitat mésohelladique (1974-1990) -- $t Le programme d'étude topographique et architecturale (2005-2009) -- $t L'exploration des fortifications et des citernes (2009-2015) -- $g Pt. 2. $t L'aspis du géométrique au début de l'époque classique -- $g 4. $t La céramique géométrique -- $t Le matériel et les critères d'analyse -- $t "Du tesson au vase" : les caractéristiques morphologiques du matériel et ses relations avec le répertoire iconographique -- $g 5. $t The clay votive material (8th-4th centuries) : The Votive Deposit of the North sector -- $t Mycenaean kylix -- $t Archaic pottery -- $t Miniature clay objects -- $t Figurines -- $t Concluding remarks -- $t Catalogue B.1 -- $g 5. $t The clay votive material (8th-4th centuries) : The uncontextualized finds -- $t The Archaic pottery -- $t Catalogue B.2 (A) -- $t The figurines -- $t Catalogue B.2 (B) -- $t Various clay objects -- $t Catalogue B.2 (C) -- $t Annexe : Les figurines mycéniennes -- $g 6. $t The metal objects from the Geometric and Archaic periods -- $t Pins -- $t Fibula -- $t Rings -- $t Vessels -- $t Varia -- $g 7. $t Les terres cuites architecturales d'époque archaïque -- $t Pièces relevant du système corinthien -- $t Pièces relevant du système laconien -- $g 8. $t The Archaic sanctuary on the Aspis hill : A tentative synthesis of the evidence -- $t The sanctuary through time -- $t Identification of the sanctuary -- $t The Aspis sanctuary in local, region a contexts -- $t Epilogue interregional -- $g Pt. 3. $t L'aspis aux époques classique et hellénistique -- $t Les constructions -- $g 9. $t Les remparts -- $t Description générale du tracé (S.F.) -- $t Les composantes de la muraille (S.F.) -- $t Datation des remparts de l'Aspis (S.E) -- $t Matériaux et techniques des remparts de l'Aspis (J.-C.B.) -- $t Architecture et défense (S.F.) -- $g 10. $t Les citernes -- $t Description architecturale -- $t Datation et fonction des deux citernes -- $g 11. $t Les bâtiments -- $t L'édifice -- $t Les bâtiments G, Pet Q -- $t Le bâtiment MZ -- $t Le magasin -- $t Autres constructions -- $t Le mobilier -- $g 12. $t La céramique classique et hellénistique -- $t Remarques préliminaires -- $t La céramique d'époque classique (El-E10) -- $t La céramique de la haute époque hellénistique (El 1-E244) -- $t La céramique de la basse époque hellénistique (E245-E257) -- $t Remarques conclusives -- $t Annexe : Datation des ensembles de l'Aspis -- $g 13. $t Les terres cuites architecturales d'époques classique et hellénistique -- $t Pièce relevant du système corinthien -- $t Pièces relevant du système laconien -- $g 14. $t Metal finds from the Classical and Hellenistic periods -- $t Weapons -- $t Nails -- $t Lead weight (G37) -- $g 15. $t Les ustensiles en terre cuite -- $t Typologie -- $t Répartition spatiale -- $t La production de textile sur l'Aspis aux époques classique et hellénistique -- $g 16. $t Les monnaies -- $g 17. $t Séquence chronologique et nature de l'occupation du Ve au IIe siècle av. J.-C -- $t Essai de synthèse -- $t Époque classique -- $t Époque hellénistique.
=505  1\$aI. Les occupations d'époque historique (VIIIe-IIe siècles av. J.-C.), fascicule 1 ; Les occupations d'époque historique (VIIIe-IIe siècles av. J.-C.), fascicule 2
=520  \\$a "La colline du Prophète-Éliequie, ou Aspis, qui s'élève au nord-ouest de la ville d'Argos, fut explorée pour la première fois au début du XXe siècle par Wilhelm Vollgraff, membre néerlandais de l'École française d'Athènes, qui ne laissa de ses travaux qu'un bref compte rendu. Les nouvelles fouilles, menées entre 1974 et 2011, ont considérablement enrichi notre connaissance sur cette première acropole, qui fut brièvement occupée dès la fin du 4e millénaire av. n. è. (Néolithique Final) puis pendant toute la première moitié du 2e millénaire (Helladique Moyen) et, de façon plus ou moins intermittente, du Géométrique à l'époque hellénistique. Ce premier volume de la publication des fouilles de l'Aspis, qui intègre du matériel inédit issu des recherches de Vollgraff, est consacré aux vestiges des périodes historiques mis au jour dans les niveaux supérieurs du site au cours des dernières décennies. Leur étude éclaire d'un jour nouveau le rôle de l'Aspis au sein de l'agglomération argienne pendant les sept siècles d'histoire de la cité. Grâce à un examen exhaustif des données recueillies, depuis la céramique géométrique et le mobilier votif archaïque - qui témoignent de l'existence de l'un des plus anciens sanctuaires d'Argos - jusqu'aux fortifications d'époque classique-hellénistique, avec les constructions (bâtiments, citernes) et le matériel (céramique, objets en métal, terres cuites architecturales, outils textiles, monnaies) qui lui sont associés, on voit se préciser les fonctions successives de l'Aspis : première acropole d'Argos au 2e millénaire, elle devient un espace sacré au moment de la formation de la cité, avant de jouer un rôle essentiellement militaire - de protection mais aussi de contrôle de l'agglomération argienne -à l'époque hellénistique."--Page 4 of cover.
=546  \\$aTexts in French or English.
=650  \0$aExcavations (Archaeology)$zGreece$zArgos.
=650  \0$aArchitecture, Ancient$zGreece$zArgos.
=650  \0$aPottery, Greek$zGreece$zArgos.
=700  1\$aTouchais, Gilles,$eeditor.
=700  1\$aFachard, Sylvian,$eeditor.
=830  \0$aÉtudes péloponnésiennes ;$vXV.
=852  8\$hReCAP 23-112870
=901  \\$aAUXAM
=910  \\$aRL
=935  \\$aTOU-AP MAY 2023
=949  \1$z8528$aReCAP 23-112870$p185.98$vAUXAM
=960  \\$s19059$tMAL$u48005APPRV
=980  \\$a230919$b18598$c461$e19059$f39000845$g1


