=LDR  01308cam a2200349 i 4500
=001  AAL08242908-0001
=003  Fr-PaAMA
=005  20230915112444.0
=008  230311t20232023fr\a\\\\\\\\\\000\0\fre\d
=020  \\$a9782205085778$q(hardback)$c19,00 EUR
=035  \\$a(OCoLC)1388636110
=040  \\$aFr-PaAMA$beng$erda
=050  \4$aPN6747.B389$bP57 2023
=082  14$a741
=100  1\$aBaur, Cati,$d1973-$eauthor,$eartist.
=245  10$aPisse mémé /$cCati Baur.
=264  \1$aParis :$bDargaud,$c[2023]
=264  \4$c©2023
=300  \\$a118 pages :$bcolor illustrations ;$c29 cm
=336  \\$astill image$bsti$2rdacontent
=336  \\$atext$btxt$2rdacontent
=337  \\$aunmediated$bn$2rdamedia
=338  \\$avolume$bnc$2rdacarrier
=520  \\$a "Quatre copines, une crise de la quarantaine, un burn-out, une grossesse... Une comédie drôle et astucieuse qui met en scène quatre parcours de vie et de renouveau autour d'un projet commun, joyeux et militant."--Page 4 of cover.
=650  \0$aWomen-owned business enterprises$vComic books, strips, etc.
=852  8\$hReCAP 23-112879
=901  \\$aAUXAM
=910  \\$aRL
=935  \\$aBAU-AP JUN 2023
=949  \1$z8528$aReCAP 23-112879$i33433135521619$p22.09$vAUXAM
=960  \\$s2670$tMAL$u48005apprv
=980  \\$a230919$b2209$c461$e2670$f39000845$g1


