=LDR  02702cam a2200397 i 4500
=001  AAL03396056-0001
=003  Fr-PaAMA
=005  20230918085139.0
=008  211115t20212021fr\\\\\\\\\\\\000\0afre\d
=020  \\$a9782916904498$q(paperback)$c18,00 EUR
=035  \\$a(OCoLC)1381252799
=040  \\$aFr-PaAMA$beng$erda
=043  \\$ai-cq---
=050  \4$aPQ3989.3.B6866$bZ46 2021
=082  14$a840
=100  1\$aBourhane, Chabani,$d1967-$eauthor.
=245  10$aDemain est un jour heureux :$broman autobiographique /$cChabani Bourhane.
=264  \1$a[Torcy] :$bLes éditions Kalamu des îles,$c[2021]
=264  \4$c©septembre 2021
=300  \\$a178 pages ;$c21 cm
=336  \\$atext$btxt$2rdacontent
=337  \\$aunmediated$bn$2rdamedia
=338  \\$avolume$bnc$2rdacarrier
=520  \\$a "Ce récit autobiographique n'a pas l'ambition de prêcher la bonne parole mais juste de relater la modeste vie d'un humanitaire déçu de la passivité des gouvernants face à la montée des violences faites aux femmes et aux mineurs. Aucun jour ne passe sans qu'une petite fille ne soit victime d'abus sexuel perpétré par le fundi du shiyoni et l'inifituteur, aussi bien par le notable du coin ou l'imam ainsi que par bon nombre de pervers anonymes, dans chaque coin d'un village ou de la ville. Demain a un jour heureux, regie le cri d'espoir, d'espérance, un hymne à la vie et un droit de réponse aux impasses judiciaires dont font face les milliers de femmes victimes des violences sexuelles, conjugales et autres."--Page 4 of cover.
=545  0\$a Chabani Bourhane, natif de Kwambani dans le Washili, fut tour à tour infirmier, manipulateur en imagerie médicale à l'hôpital El-Maarouf ; directeur de cabinet au minière des Finances et du budget, chef de projet de réduction des violences faites aux mineurs, responsable du bureau ADSF (agir pour la santé des femmes) à Moroni. Actuellement il di Chef de service de lutte contre la maltraitance et la violence, à la direction nationale de la promotion du genre. Syndicaliste et défenseur de l'enfant et de la femme, il est co-auteur pour "les Comores du rapport initial de la charte africaine de droit et du bienêtre de l'enfant en 2017". Il a marié et père de quatre enfants.
=600  10$aBourhane, Chabani,$d1967-
=650  \0$aAuthors, Comorians$vBiography.
=650  \0$aGovernment consultants$zComoros$vBiography.
=650  \0$aWomen$xViolence against$zComoros$xPrevention.
=852  8\$hReCAP 23-112869
=901  \\$aAUXAM
=910  \\$aRL
=935  \\$aBOU-AP JUN 2023
=949  \1$z8528$aReCAP 23-112869$i33433135521429$p20.92$vAUXAM
=960  \\$s2553$tMAL$u48005apprv
=980  \\$a230919$b2092$c461$e2553$f39000845$g1


