=LDR  01636cam a2200349 i 4500
=001  AAL08271569-0001
=003  Fr-PaAMA
=005  20230706080826.0
=008  230505t20232023fr\\\\\\\\\\\\000\0\fre\d
=020  \\$a9782374280660$q(paperback)$c23,00 EUR
=035  \\$a(OCoLC)1381251949
=040  \\$aFr-PaAMA$beng$erda
=050  \4$aPQ2706.E735$bC66 2023
=082  14$a841
=100  1\$aFerdinande, Denis,$d1978-$eauthor.
=245  10$aCombinaisons /$cDenis Ferdinande.
=264  \1$aSaint-Quentin-de-Caplong :$bAtelier de l'agneau,$c[2023]
=264  \4$c©2023
=300  \\$a196 pages ;$c21 cm.
=336  \\$atext$btxt$2rdacontent
=337  \\$aunmediated$bn$2rdamedia
=338  \\$avolume$bnc$2rdacarrier
=490  1\$aCollection Architextes,$x1769-5538 ;$vno 37
=520  \\$a "Combinaisons : objets tels qu'ils apparaissent à même la table d'écriture (stylo, marque-page, livre, publicité, tampons, etc.) qu'il s'agit de faire circuler, dans un premier temps. Puis - dérivant -, l'écriture prenant graduellement le pas. C'est alors apparition de la fiction, en de multiples formes jusqu'à, centrale, la pièce de théâtre. Ensuite, se succèdent par séquences des lectures, des écoutes (de pièces musicales), l'observation de photographies d'où reviennent d'anciens mondes."--Page 4 of cover.
=830  \0$aCollection Architextes (Atelier de l'agneau (Firm)) ;$vno 37.
=852  8\$hReCAP 23-112881
=901  \\$aAUXAM
=910  \\$aRL
=935  \\$aFER-AP JUN 2023
=949  \1$z8528$aReCAP 23-112881$i33433135521593$p26.73$vAUXAM
=960  \\$s3134$tMAL$u48005apprv
=980  \\$a230919$b2673$c461$e3134$f39000845$g1


