=LDR  04181cam a2200445 i 4500
=001  AAL08281515-0001
=003  Fr-PaAMA
=005  20230919081100.0
=008  230622t20232023be\adh\\\b\\\\010\0\fre\d
=020  \\$a9789042950542$q(paperback)$c94,00 EUR
=035  \\$a(OCoLC)1388638735
=040  \\$aFr-PaAMA$beng$erda
=050  \4$aBH22$b.F45 2023
=082  14$a701
=245  00$aFelix æstheticus :$bpour Herman Parret /$csous la direction de Sémir Badir, Vlad Ionescu et Nathalie Kremer.
=264  \1$aLeuven :$bPeeters,$c2023.
=264  \4$c©2023
=300  \\$a395 pages :$billustrations (chiefly color), charts, facsimiles ;$c24 cm.
=336  \\$atext$btxt$2rdacontent
=337  \\$aunmediated$bn$2rdamedia
=338  \\$avolume$bnc$2rdacarrier
=490  1\$aLa république des lettres ;$v74
=504  \\$aIncludes bibliographical references.
=504  \\$a"Bibliographie esthétique d'Herman Parret" : pages 379-391.
=505  00$t Le vagabondage des sens. Herman Parret feux œstheticus -- $t Exégèses -- $t Le bonheur comme vertu, ou la généalogie de feux œstheticus -- $t Une esthétique... stoïcienne ? À propos de Marc Aurèle -- $t Artem experientia fecit. Expérience mystique et expérience esthétique -- $t Esthétique sociologique et sociologie esthétique : le double rapport à l'esthétique de Georg Simmel -- $t La Felix inthetica de Sergei M. Eisenstein -- $t La touche sublime. Brèves remarques sur l'art et l'esthétique haptique -- $t Associations -- $t Heureuse médiation esthétique -- $t Nous ne goustons rien de pur. Essai sur les courbes de Daphné, la vue et le toucher -- $t L'art de tresser -- $t Arrêtez la musique ! Guercino sonore -- $t Le silence dans l'art -- $t Répondre à Écho. La dissolution comme régime scopique -- $t Passeggiate -- $t De la légèreté -- $t Didascalies en marge de C'est beau -- $t Chillida ou le déboîtement -- $t La promenade désirante -- $t Suite vénitienne -- $t Échappées -- $t Fragments d'un Abécédaire pour Felix Parret, alias Herman œstheticus -- $t L'œil et le bonheur -- $t Herman Parret et la mémoire -- $t L'énigmatique singularité de l'œuvre : une sémiotique de l'effet de l'art -- $t Lueurs esthétiques -- $t Des relations entre plaisir et déplaisir (problèmes de préséance, d'alternative, de mélange) -- $t Cahier d'images -- $t Ronny Delrue -- $t René Guiffrey -- $t Berlinde De Bruyckere -- $t Dirk Braeckman -- $t Épilogue -- $t Felix cestheticus, une apologie d'Alexander Baumgarten.
=520  \\$a ""L'âme vagabonde du felix œstheticus existe à partir de ce conglomérat de l'œil, de l'oreille, du palais et de la main, (...) fond et source de l'expérience de la beauté et du bonheur de vivre", écrit Herman Parret dans La Délicatesse des sens. Ce rapport foncièrement esthétique à l'existence et à l'art est un fil rouge dans l'œuvre d'Herman Parret. En effet, si le felix œstheticus est cet être sensible qui expérimente le monde de manière haptique, il est aussi l'artiste qui travaille la matière de ses mains, le spectateur de l'art lorsqu'il est touché par l'impulsion émotive, ou encore l'intellectuel dont l'éthos s'ancre dans une sensibilité ouverte au monde. C'est cette expérience du bonheur esthétique, dans les multiples aspects du felix œstheticus, que les études rassemblées dans le présent volume en l'honneur d'Herman Parret explorent de façon variée et inédite."--Page 4 of cover.
=545  0\$a Sémir Badir, linguiste à Liège, Vlad IONESCU, philosophe à Hasselt, et Nathalie Kremer, spécialiste de littérature française à Paris, sont, à des titres divers, des élèves d'Herman Parret.
=650  \0$aAesthetics, Modern.
=700  1\$aParret, Herman,$ehonouree.
=700  1\$aBadir, Sémir,$eeditor.
=700  1\$aIonescu, Vlad,$eeditor.
=700  1\$aKremer, Nathalie,$eeditor.
=830  \0$aRépublique des lettres (Louvain, Belgium) ;$v74.
=852  8\$hReCAP 23-112882
=901  \\$aAUXAM
=910  \\$aRL
=935  \\$aBAD-AP JUN 2023
=949  \1$z8528$aReCAP 23-112882$i33433135521585$p120.89$vAUXAM
=960  \\$s12550$tMAL$u41901apprv
=980  \\$a230919$b12089$c461$e12550$f39000845$g1


