=LDR  01563cam a2200397 i 4500
=001  AAL08283168-0001
=003  Fr-PaAMA
=005  20230915092717.0
=008  230629e202209\\fr\d\\\\\\\\\\000\0\fre\d
=020  \\$a9782381150321$q(hardback)$c29,00 EUR
=035  \\$a(OCoLC)1388638493
=040  \\$aFr-PaAMA$beng$erda
=043  \\$ae-fr---
=050  \4$aCS597.M3648$bC35 2022
=082  14$a929
=245  00$aCanton de Sarlat :$brecueil des actes d'état civil de la commune de Marquay de 1671 à 1922 /$c[édité par le] Cercle d'histoire et de généalogie du Périgord ; directeur de la publication, Geneviève Ravon. 
=264  \1$aPérigueux :$bCercle d'histoire et de généalogie du Périgord,$cseptembre 2022.
=300  \\$a1 volume (various pagings) :$bcharts ;$c30 cm
=336  \\$atext$btxt$2rdacontent
=337  \\$aunmediated$bn$2rdamedia
=338  \\$avolume$bnc$2rdacarrier
=500  \\$a"Marquay = Marcais."
=500  \\$aCover title.
=500  \\$aAdditional statement of responsibility taken from page 1.
=650  \0$aMarriage records$zFrance$zMarquay.
=650  \0$aRegisters of births, etc.$zFrance$zMarquay.
=651  \4$aMarquay (France)$vGenealogy.
=700  1\$aRavon, Geneviève,$eeditor.
=710  2\$aCercle d'histoire et de généalogie du Périgord,$eissuing body,$eeditor.
=852  8\$hReCAP 23-112872
=901  \\$aAUXAM
=910  \\$aRL
=935  \\$aCER-AP JUN 2023
=949  \1$z8528$aReCAP 23-112872$i33433135521684$p43.01$vAUXAM
=960  \\$s4762$tMAG$u48005APPRV
=980  \\$a230919$b4301$c461$e4762$f39000845$g1


