=LDR  02233cam a2200397 i 4500
=001  AAL08222714-0001
=003  Fr-PaAMA
=005  20230915072916.0
=008  221220t20232023fr\\\\\\\\\\\\000\0\fre\d
=020  \\$a9791025205785$q(paperback)$c14,00 EUR
=035  \\$a(OCoLC)1380854554
=040  \\$aFr-PaAMA$beng$erda
=050  \4$aBF637.U53$bM48 2023
=082  14$a844
=100  1\$aMeurice, Guillaume,$d1981-$eauthor.
=245  10$aPetit éloge de la médiocrité /$cGuillaume Meurice.
=264  \1$aParis :$bÉditions Les Pérégrines,$c[2023]
=264  \4$c©2023
=300  \\$a189 pages ;$c18 cm.
=336  \\$atext$btxt$2rdacontent
=337  \\$aunmediated$bn$2rdamedia
=338  \\$avolume$bnc$2rdacarrier
=490  0\$aPetit éloge
=520  \\$a "Médiocre : de qualité moyenne, qui tient le milieu entre le grand et le petit. La normalité, version péjorative, avec un arrière-goût de nullité. Pour Guillaume Meurice, ardent défenseur du 10/20, du "peut mieux faire", du "bof bof", la médiocrité est non seulement un mode de vie, mais aussi un formidable facteur d'émancipation. Elle autorise l'action - sans la pression du résultat, pour le simple plaisir de se mettre en mouvement, pour la beauté du geste. Il faut la revendiquer en tant que résistance politique, car elle porte en elle le refus de la hiérarchie, de la compétition et du catéchisme capitaliste. À la fois manifeste en faveur de la contre-performance et anti-manuel de développement personnel, ce Petit éloge nous invite à accepter avec sérénité notre médiocrité. Décomplexant!"--Page 4 of cover.
=545  0\$a Guillaume Meurice est humoriste sur scène et à la radio, sur France Inter. Il est l'auteur de plusieurs romans dont Le roi n'avait pas ri (JCLattès, 2021). Il est médiocre, comme tout le monde, mais il le vit plutôt bien.
=650  \0$aUnderachievement.
=650  \0$aMediocrity.
=650  \0$aCompetition (Psychology)
=650  \0$aPassive resistance.
=852  8\$hReCAP 23-112878
=901  \\$aAUXAM
=910  \\$aRL
=935  \\$aMEU-AP AUG 2023
=949  \1$z8528$aReCAP 23-112878$i33433135521627$p16.27$vAUXAM
=960  \\$s2088$tMAL$u48005apprv
=980  \\$a230919$b1627$c461$e2088$f39000845$g1


