=LDR  03698cam a2200409 i 4500
=001  AAL08235646-0001
=003  Fr-PaAMA
=005  20230918111030.0
=008  230210t20232023fr\\\\\\\b\\\\001\0\fre\d
=020  \\$a9782140317101$q(paperback)$c22,00 EUR
=035  \\$a(OCoLC)1373372885
=040  \\$aFr-PaAMA$beng$erda
=050  \4$aN6494.F6$bR68 2023
=082  14$a700
=100  1\$aRouvière, Jean-Marc,$eauthor.
=245  10$aAu prisme du readymade :$bincises sur l'identité équivoque de l'objet /$cJean-Marc Rouvière ; avant-propos de Philippe Sers ; préface de Georgy Litichevsky.
=264  \1$aParis :$bL'Harmattan,$c[2023]
=264  \4$c©2023
=300  \\$a196 pages ;$c22 cm.
=336  \\$atext$btxt$2rdacontent
=337  \\$aunmediated$bn$2rdamedia
=338  \\$avolume$bnc$2rdacarrier
=490  1\$aOuverture philosophique. Esthétique
=504  \\$aIncludes bibliographical references and index.
=505  00$t Avant-propos de Philippe Sers -- $t Préface de Georgy Litichevsky -- $t Incise 1 L'Usager, le Légaliste et l'Éveillé -- $t Incise 2 L'apocalypse du regard -- $t Incise 3 L'ordinaire en perspective -- $t Incise 4 Sous les yeux, sous la main -- $t Incise 5 Le cadre, l'apparence -- $t Incise 6 Le silence du readymade -- $t Incise 7 Grâce à la désappropriation -- $t Incise 8 Différences et connivences -- $t Incise 9 Par rien que le nom -- $t Incise 10 L'intrigue de la chose -- $t Index nominum.
=520  \\$a "Dans sa lettre de 1907 au poète Hofmannsthal, le philosophe Edmund Husserl écrit : "plus l'œuvre d'art résonne du monde de l'existence ou tire de lui sa vie, plus elle réclame par elle-même une prise de position existentielle (...) et moins alors l'œuvre est esthétiquement pure" (traduction de Eliane Escoubas). Six ans avant son invention, ne lit-on pas ici une définition fidèle du readymade ? Voici la chose exposée sans fioriture, sans projet, pour elle-même, sans apprêt, sans manière ; la chose de nos besoins les plus grossiers, voici qu'on lui accorde une exposition dans un haut lieu réservé à l'élite des choses : la "Galerie d'Art". Dans ce royaume des choses représentées, scénographiées, la chose triviale est, comme on dit, "nature". C'est ainsi que le readymade sait être touchant. Le readymade est la résultante d'entités consubstantielles. L'une est relative à l'utilitarisme habituel de la chose, nous le baptiserons "Ordinaire" et l'autre à la capacité à offrir une contre-option à l'art conventionnel, nous reprendrons un terme duchampien, "An-art". Ces deux entités partagent la même nature matérielle et formelle, l'Ordinaire et l'An-art ont en commun le même substrat. Si elles s'opposent nettement quant à leurs vocations respectives (permettre un usage trivial et faire œuvre), elles sont en communion dans le readymade sans s'effacer l'une l'autre et habitent toutes deux la galerie. Et alors le regard entre en jeu."--Page 4 of cover.
=545  0\$a Jean-Marc Rouvière, chercheur indépendant, est auteur d'ouvrages philosophiques chez L'Harmattan dont récemment Au devant de soi, esquisses vers une philosophie de l'anticipation. Il est membre du comité scientifique de la revue Shift. International Journal of Philosophical Studies (Università degli Studi di Salerno).
=650  \0$aFound objects (Art)$xPhilosophy.
=650  \0$aObject (Aesthetics)
=830  \0$aCollection L'ouverture philosophique.$pSérie esthétique.
=852  8\$hReCAP 23-112874
=901  \\$aAUXAM
=910  \\$aRL
=935  \\$aROU-AP AUG 2023
=949  \1$z8528$aReCAP 23-112874$i33433135521668$p25.57$vAUXAM
=960  \\$s3018$tMAL$u41901apprv
=980  \\$a230919$b2557$c461$e3018$f39000845$g1


