=LDR  04463cam a2200433 i 4500
=001  AAL08272390-0001
=003  Fr-PaAMA
=005  20230831153541.0
=008  230510t20232023fr\abh\\\b\\\\000\0\fre\d
=020  \\$a9782140339257$q(paperback)$c47,00 EUR
=035  \\$a(OCoLC)1381254014
=040  \\$aFr-PaAMA$beng$erda
=043  \\$ae-hu---
=050  \4$aDB926$b.P37 2023
=082  14$a943
=100  1\$aPapp, Julien,$d1940-$eauthor.
=245  10$aMouvements populaires et luttes d'indépendance nationale en Hongrie du XIe au XXe siècle /$cJulien Papp.
=264  \1$aParis :$bL'Harmattan,$c[2023]
=264  \4$c©2023
=300  \\$a433 pages :$billustrations (some color), maps, facsimiles ;$c24 cm.
=336  \\$atext$btxt$2rdacontent
=337  \\$aunmediated$bn$2rdamedia
=338  \\$avolume$bnc$2rdacarrier
=490  1\$aCahiers de la nouvelle Europe
=504  \\$aIncludes bibliographical references.
=505  00$t Le Moyen Âge -- $t L'État chrétien hongrois et les révoltes païennes du XIe siècle -- $t La condition paysanne en Transylvanie et la révolte de 1437-1438 -- $t Développement et conflits urbains à Buda et Pest au Moyen Âge (XIIIe – début XVe siècle) -- $t Les Temps modernes -- $t La guerre paysanne de 1514 menée par György Dózsa -- $t Exploitation minière et mouvements de grèves des mineurs de Besztercebánya (1525-1526) -- $t Le soulèvement de Jován Cserni dit l'Homme Noir (1526-1527) -- $t Le soulèvement de György Karácsony dit le deuxième Homme Noir (1569-1570) -- $t Le soulèvement des paysans croates et slovènes mené par Máté (Matija) Gubecz (1572-1573) -- $t Le combat des Sicules pour leurs libertés (XVIe-XVIIe siècles) -- $t Combats, affranchissement et déclin des Haïdouks (XVIe-XVIIe siècles) -- $t L'insurrection des comitats paysans de la Haute-Hongrie (1631-1632) -- $t La conjuration dite de Wesselényi (1666-1671) -- $t Le mouvement kouroutz et l'épopée d'Imre Thököly (1670-1685) -- $t Le soulèvement kouroutz de Hegyalja (1697) -- $t Soulèvement et guerre d'indépendance de Ferenc II Rákóczi (1703-1711) -- $t Servage et mouvements paysans au XVIIIe siècle -- $t Les Temps contemporains -- $t La conspiration jacobine (1793-1795) -- $t La révolte dite du choléra (1831) -- $t La révolution et la guerre d'indépendance de 1848-1849 -- $t Mouvements socialistes agraires (fin du XIXe - début du XXe siècle) -- $t "Vendredi rouge", "jeudi rouge", "jeudi rouge de sang" (1905, 1907, 1912) -- $t Les révolutions de 1918-1919 et la République des Conseils -- $t La révolution dans la guerre : comités populaires, comités d'usines, réforme agraire (1944-1947) -- $t L'insurrection d'octobre 1956 et les conseils ouvriers (23 octobre 1956 – janvier 1957) -- $t Du socialisme dans un seul pays au capitalisme néolibéral.
=520  \\$a "Le destin des Hongrois fut lié à l'histoire du monde germanique dès la fondation de leur État autour de l'an 1000. Peuple païen venu d'Asie centrale, leur contact avec le christianisme fut violent et suscita des révoltes dès le XIe siècle. Par la suite, les charges et les abus de l'ordre seigneurial ne cessèrent d'alimenter les "fureurs paysannes" qui se confondent à partir du XVIe siècle avec les luttes contre la mainmise des Habsbourg sur le pays et contre la conquête ottomane prédatrice. Succédant à ces événements séculaires, les mouvements du prolétariat agraire et industriel marquèrent l'histoire contemporaine de la Hongrie, s'inspirant très souvent comme dans le passé des idéologies libératrices des nations européennes."--Page 4 of cover.
=545  0\$a Julien Papp est l'auteur de nombreux travaux consacrés à l'histoire de la France et de la Hongrie. Enseignant, docteur en histoire contemporaine, il a mené des recherches dans le cadre du Comité d'histoire de la 2e Guerre mondiale et de l'Institut d'histoire du Temps présent de 1978 à 2000 comme correspondant départemental.
=651  \0$aHungary$xHistory$xAutonomy and independence movements.
=650  \0$aGovernment, Resistance to$zHungary$xHistory.
=650  \0$aSocial movements$zHungary$xHistory.
=830  \0$aCahiers de la nouvelle Europe.
=852  8\$hReCAP 23-112862
=901  \\$aAUXAM
=910  \\$aRL
=935  \\$aPAP-AP AUG 2023
=949  \1$z8528$aReCAP 23-112862$i33433135521502$p54.63$vAUXAM
=960  \\$s5924$tMAL$u48005APPRV
=980  \\$a230919$b5463$c461$e5924$f39000845$g1


