=LDR  02576cam a2200409 i 4500
=001  AAL08252549-0001
=003  Fr-PaAMA
=005  20230911202827.0
=008  230408t20232023fr\a\\\\\b\\\\000\0\fre\d
=020  \\$a9782140338014$q(paperback)$c22,00 EUR
=035  \\$a(OCoLC)1388637887
=040  \\$aFr-PaAMA$beng$erda
=050  \4$aBQ5125.M57$bR53 2023
=082  14$a294$a366
=100  1\$aRichard, Christophe,$d1961-$eauthor.
=245  10$aD'un reflet à l'autre :$ble miroir dans le bouddhisme et la franc-maçonnerie /$cChristophe Richard.
=264  \1$aParis :$bL'Harmattan,$c[2023]
=264  \4$c©2023
=300  \\$a199 pages :$billustrations ;$c22 cm.
=336  \\$atext$btxt$2rdacontent
=337  \\$aunmediated$bn$2rdamedia
=338  \\$avolume$bnc$2rdacarrier
=490  1\$aCollection "Souffle bouddhique"
=504  \\$aIncludes bibliographical references.
=505  00$t D'un miroir à l'autre -- $g 1. $t Une brève histoire du miroir -- $g 2. $t Dans le miroir du RER -- $g 3. $t Dans le miroir de l'introspection morale -- $g 4. $t La scène du miroir de la prudence -- $g 5. $t Face à face.
=520  \\$a "Que reflètent les miroirs des francs-maçons et des bouddhistes ? À la fois symboles et véritables outils initiatiques, ils semblent incontournables dans les deux traditions. Un regard croisé sur ces deux voies révèle ce qui semble être l'emblème même de toute quête initiatique : les miroirs sont des outils de connaissance morale, des invitations à la prudence ou encore des passages obligés pour devenir transparent à soi-même. Parce qu'ils permettent une réflexion et assistent les initiés dans leur progression intérieure, miroirs maçonniques et miroirs bouddhiques doivent être considérés comme des instruments de libération."--Page 4 of cover.
=545  0\$a Christophe Richard étudie et pratique le bouddhisme tibétain depuis l'adolescence Il dispense ses enseignements à l'Institut bouddhique Vajradhara Ling, dans l'Orne. Par ailleurs, initié au Grand Orient de France en 1992, il aime présenter la complémentarité de ces deux formes de spiritualité que sont la franc-maçonnerie et le bouddhisme ainsi que leurs convergences.
=650  \0$aMirrors$xReligious aspects$xBuddhism.
=650  \0$aFreemasonry$xSymbolism.
=830  \0$aSouffle bouddhique.
=852  8\$hReCAP 23-112876
=901  \\$aAUXAM
=910  \\$aRL
=935  \\$aRIC-AP AUG 2023
=949  \1$z8528$aReCAP 23-112876$i33433135521643$p25.57$vAUXAM
=960  \\$s3018$tMAL$u41901apprv
=980  \\$a230919$b2557$c461$e3018$f39000845$g1


