=LDR  04585cam a2200433 i 4500
=001  AAL03435254-0001
=003  Fr-PaAMA
=005  20230829085530.0
=008  220220t20232023fr\abde\\b\\\\000\0\fre\d
=020  \\$a9791091555753$q(paperback)$c28,00 EUR
=035  \\$a(OCoLC)1395543383
=040  \\$aFr-PaAMA$beng$erda
=041  1\$afre$akor$hkor
=043  \\$aa-kr---
=050  \4$aDS911.743$b.B35 2023
=082  14$a951
=100  1\$aBailblé, Olivier,$eauthor.
=245  13$aLe Koguryo :$bun royaume de l'Asie du Nord-Est : données épigraphiques et archéologiques /$cOlivier Bailblé et Ariane Perrin.
=264  \1$aParis :$bAtelier des cahiers,$c[2023]
=264  \4$c©2023
=300  \\$a145 pages :$billustrations (chiefly color), color maps, charts, plans ;$c24 cm.
=336  \\$atext$btxt$2rdacontent
=337  \\$aunmediated$bn$2rdamedia
=338  \\$avolume$bnc$2rdacarrier
=490  0\$aCollection Seonbi
=504  \\$aIncludes bibliographical references (pages 141-145).
=505  00$g Pt. 1. $t Les vestiges matériels du royaume de koguryô en Corée et dans le nord-est de la chine -- $t Cadre historique -- $t Le Koguryô dans les sources historiques -- $t Les trois capitales du Koguryô -- $t L'apport de l'archéologie -- $t Art et architecture funéraires -- $t Les systèmes funéraires du Koguryô -- $t Les tombes à empilement de pierre -- $t Les tumuli -- $t Les tombes à peintures -- $t Une demeure souterraine pour l'au-delà -- $t Une vision cosmologique du monde -- $t Les débuts de l'art bouddhique dans la péninsule coréenne -- $t Les monastères bouddhiques -- $t Carte de Pyongyang -- $t La statuaire -- $t Statuettes votives en bronze -- $t Statuettes en argile -- $g Pt. 2. $t Anthologie des textes et inscriptions du Koguryô -- $t Carte du royaume de Koguryô -- $t Introduction -- $t Le Chant des loriots (17 AEC) -- $t Épitaphe de la tombe d'Anak re 3 (357 EC) -- $t Inscriptions de la tombe de Tokhung-ni (408 EC) -- $t La stèle de Ji'an (388 ou 408 EC) -- $t La stèle du roi Kwanggaet'o (414 EC) -- $t Épitaphe de Moduru (\r siècle EC) -- $t Inscriptions sur un récipient en l'honneur du roi Kwanggaet'o (415 EC) -- $t Inscriptions du bol en argent de la tombe du Phénix auspicieux (451 EC) -- $t La stèle de Ch'ungiu (495 EC) -- $t Inscription votive de la cinquième année de Kiinhiing (536 EC) -- $t Inscription votive de la septième année de Yôn'ga (539 EC) -- $t Plaque en bronze doré de Sinp'o (546 EC) -- $t Inscription votive de la septième année de Yônggang (551 EC) -- $t Triade dorée avec une inscription votive de l'année kyemi (563 EC) -- $t Les inscriptions gravées sur la forteresse de Pyongyang (566 EC) -- $t Inscription votive de l'année sinmyo (571 EC) -- $t Inscription de la tombe du Cheval caparaçonné (Kaema) (Vie siècle EC) -- $t Poème d'Olchi Mundôk (612 EC).
=520  \\$a "Découvrez l'histoire de cet ancien royaume du nord de la péninsule coréenne et des provinces du Nord-Est de la Chine à travers l'étude de ses vestiges archéologiques. Retrouvez aussi réunis pour la première fois tous les textes méconnus du Koguryô traduits et commentés en français. Le Koguryô fut l'un des royaumes de la péninsule coréenne à l'époque des Trois Royaumes (dates traditionnelles, 57 AEC-668 EC). Fruit de la collaboration entre un linguiste et une historienne de l'art spécialisés dans les études coréennes, cette publication souhaite présenter l'état de nos connaissances sur ce royaume à travers le déchiffrement d'inscriptions qui comptent parmi les plus anciennes de la péninsule, son art funéraire et son art bouddhique. Épitaphes-biographies de hauts fonctionnaires, inscriptions votives invoquant la protection du Bouddha, animaux protecteurs des points cardinaux guidant l'âme du défunt vers l'au-delà : ces vestiges offrent un témoignage rare sur le système de pensée, la genèse de l'écriture, les croyances et pratiques rituelles de cet ancien royaume à une période cruciale de la formation des premiers grands États dans la péninsule vers les Ille et Ive EC."--Page 4 of cover.
=546  \\$aIncludes some texts in Korean followed by their French translation.
=651  \0$aKoguryo (Kingdom)$xAntiquities.
=650  \0$aInscriptions, Korean.
=700  1\$aPerrin, Ariane,$eauthor.
=852  8\$hReCAP 23-112864
=901  \\$aAUXAM
=910  \\$aRL
=935  \\$aBAI-AP AUG 2023
=949  \1$z8528$aReCAP 23-112864$i33433135521486$p32.55$vAUXAM
=960  \\$s3716$tMAL$u41901apprv
=980  \\$a230919$b3255$c461$e3716$f39000845$g1


