=LDR  02249cam a2200433 i 4500
=001  AAL08279126-0001
=003  Fr-PaAMA
=005  20230914104928.0
=008  230610t20232023fr\ab\\\\b\\\\000\0\fre\d
=020  \\$a9782958399023$q(paperback)$c15,00 EUR
=035  \\$a(OCoLC)1395541897
=040  \\$aFr-PaAMA$beng$erda
=043  \\$aa-kr---
=050  \4$aDS918.15$b.G84 2023
=082  14$a951
=245  03$aLa guerre de Corée :$b1950-1953 /$ctextes, Ivan Cadeau, Olivier Racine, Rodolphe Ragu.
=264  \1$aIvry-sur-Seine :$bECPAD,$c[2023]
=264  \4$c©2023
=300  \\$a152 pages :$billustrations (some color), color maps ;$c21 cm.
=336  \\$astill image$bsti$2rdacontent
=336  \\$atext$btxt$2rdacontent
=337  \\$aunmediated$bn$2rdamedia
=338  \\$avolume$bnc$2rdacarrier
=490  0\$aCollection Images de,$x1952-5095
=500  \\$a"ECPAD" stands for: "Établissement de communication et de production audiovisuelle de la Défense."
=504  \\$aIncludes bibliographical references (page 147).
=520  \\$a "La guerre de Corée est l'unique conflit de la guerre froide où se sont affrontés des soldats des grandes puissances, essentiellement ceux des divisions américaines du général MacArthur, rassemblés sous le drapeau de l'ONU, et les volontaires chinois de l'Armée populaire de libération. À partir de 1951, le bataillon français s'est aussi illustré dans plusieurs des phases de ce conflit, qui a causé la mort de plus de deux millions d'hommes, femmes et enfants et détruit les principales villes du pays. Les cent trente photographies réunies dans ce livre racontent à leur façon ce conflit méconnu, qui a débouché sur la création de deux États toujours antagonistes."--Page 4 of cover.
=650  \0$aKorean War, 1950-1953$vPictorial works.
=650  \0$aWar photography.
=700  1\$aRagu, Rodolphe,$ewriter of added text.
=700  1\$aRacine, Olivier,$ewriter of added text.
=700  1\$aCadeau, Ivan,$ewriter of added text.
=852  8\$hReCAP 23-112866
=901  \\$aAUXAM
=910  \\$aRL
=935  \\$aGER-AP AUG 2023
=949  \1$z8528$aReCAP 23-112866$i33433135521452$p17.44$vAUXAM
=960  \\$s2205$tMAL$u41901apprv
=980  \\$a230919$b1744$c461$e2205$f39000845$g1


