=LDR  12854cam a2200481 i 4500
=001  AAL08281718-0001
=003  Fr-PaAMA
=005  20230911080611.0
=008  230623t20232023fr\\\\\\\b\\\\000\0\fre\d
=020  \\$a9782140485671$q(paperback)$c31,00 EUR
=035  \\$a(OCoLC)1393297739
=040  \\$aFr-PaAMA$beng$erda
=043  \\$ae-fr---$ae-sz---$ae-uk---
=050  \4$aBP190.5.V625$bB76 2023
=082  14$a297
=100  1\$aBrodard, Baptiste,$eauthor.
=245  12$aL'action sociale musulmane en Europe :$bengagement communautaire, contribution caritative et activisme religieux en France, en Suisse et en Grande-Bretagne /$cBaptiste Brodard.
=264  \1$aParis :$bL'Harmattan,$c[2023]
=264  \4$c©2023
=300  \\$a297 pages ;$c24 cm.
=336  \\$atext$btxt$2rdacontent
=337  \\$aunmediated$bn$2rdamedia
=338  \\$avolume$bnc$2rdacarrier
=490  1\$aTravail du social
=500  \\$aOriginally presented as the author's thesis (doctoral)--Université de Fribourg, 2020.
=504  \\$aIncludes bibliographical references (pages 273-290).
=505  00$t Qu'entend-on par "action sociale musulmane" ? -- $t L'islam et l'engagement caritatif en Europe de l'Ouest -- $t L'engagement de collectifs musulmans dans l'action sociale : un phénomène transnational -- $t Concept d'action sociale musulmane : de l'université au monde associatif -- $t Une appellation controversée et problématique -- $t Références confessionnelles et communautaires dans l'action sociale "musulmane" -- $t Méthode d'enquête : études de cas et approche ethnographique -- $g Pt. 1. $t Investissements au nom de l'islam dans l'espace public -- $t Mutations de l'action sociale : approches identitaires et (re)confessionnalisation -- $t Pluralisme culturel et résurgence des questions religieuses -- $t Essor des approches intra-ethniques et intra-culturelles -- $t De la médiation interculturelle à l'ethnicisation de l'intervention sociale -- $t Le recours aux approches intra-culturelles pour des raisons pragmatiques -- $t Néolibéralisme, effritement de l'action publique et diversification du travail social -- $t Genèse et développement de l'action sociale musulmane -- $t Évolutions de l'engagement associatif musulman : idéologies et militantisme -- $t Offres d'islam en Europe : des logiques militantes concurrentes -- $t Des mouvements transnationaux hégémoniques -- $t Le Tabligh : de la prédication à la pacification des quartiers sensibles -- $t Le salafisme-wahhabisme : des postures paradoxales -- $t Les Frères Musulmans et l''islam associatif' en Europe -- $t Perte de vitesse et crise de légitimité -- $t Les prémices de l'action sociale musulmane en Europe -- $t Discours religieux et dispositifs islamiques traditionnels d'assistance -- $t L'essor des ONG musulmanes humanitaires : entre militantisme et idéaux religieux -- $t L'évidence d'une action sociale "musulmane" de proximité -- $t Des associations musulmanes spécialisées dans l'action sociale -- $t Mouvements religieux, organisations cultuelles et associations caritatives -- $t Des associations caritatives autonomes et indépendantes -- $t Une baisse d'influence des organisations et mouvements religieux transnationaux ? -- $g Pt. 2. $t Des cas concrets d'action sociale musulmane en Europe -- $t France : des associations musulmanes contre la précarité et l'exclusion -- $t Engagements caritatifs dans les quartiers populaires -- $t L'influence des prédicateurs musulmans dans les zones urbaines sensibles -- $t Nouvelles associations locales et maraudes -- $t Des associations indépendantes : maraudes et lutte contre la précarité -- $t Au Cœur de la Précarité (ACDP) : une nouvelle ère de l'engagement social musulman -- $t Les premiers temps des maraudes : entre assistance caritative et éducation religieuse -- $t Professionnalisation des prestations et promotion d'une identité associative plus neutre -- $t La Table Servie : maraudes, encadrement des jeunes et projets humanitaires -- $t Maraudes sociales -- $t De la lutte contre la précarité à l'encadrement des jeunes de quartiers populaires -- $t Projets "humanitaires" au Mali -- $t L'association AHSA à Marseille -- $t Autres engagements dans l'action sociale et éducative -- $t L'association As-Suffa, ou le cas inédit d'une mosquée "sociale" en région parisienne -- $t Une éducation populaire à caractère religieux en réponse aux problématiques sociales -- $t Prioriser la da'wah ou l'action sociale ? De S'en Sortir Ensemble à l'association LIFE -- $t Projets caritatifs et sociaux d'associations musulmanes en Suisse -- $t Le Service d'Aide Sociale Islamique à Genève -- $t L'impartialité et la neutralité comme marques de fabrique -- $t Collaborations institutionnelles : entre pragmatisme et suspicions -- $t Visions contradictoires et perspectives d'avenir -- $t Tasamouh : des musulmans engagés contre l'extrémisme -- $t Activités et projets : lutte contre la radicalisation et action sociale intra-culturelle -- $t L'action sociale pour les jeunes et les familles -- $t Les activités d'intégration et de médiation -- $t Association de la société civile ou organisation musulmane ? -- $t Entre bénévolat et professionnalisation -- $t De la lutte contre l'extrémisme violent à une action sociale plus étendue -- $t Engagements sociaux autour d'un centre islamique influent -- $t L'organisation faîtière UVAM et ses projets sociaux -- $t Jobcoaching : un projet d'aide à l'insertion professionnelle des jeunes -- $t Des ateliers de citoyenneté pour les migrants au soutien scolaire pour les écoliers -- $t Consultations auprès des autorités -- $t De la mosquée au travail de terrain : aides alimentaires et prévention du suicide -- $t Le Ring : un centre d'accueil pour les jeunes -- $t Un imam engagé : la réciprocité de la "spiritualité" et de l'action sociale -- $t Aspiration à la reconnaissance politique et relations institutionnelles -- $t L'action sociale musulmane en Grande-Bretagne -- $t Kumon Y'All : bâtir des ponts et œuvrer pour la paix sociale -- $t Prévenir les risques d'un conflit ethnique -- $t Illustration d'un cas de médiation sociale : caricatures et gestion de crise -- $t L'éducation religieuse comme support d'une intégration sociale -- $t InTouch Foundation : "feeding the homeless" à Bradford -- $t Entre action caritative et community empowerment à Londres -- $t The Rumi's Cave à Londres -- $t Des discours religieux soutenant l'action sociale -- $t Des ponts vers d'autres organisations musulmanes engagées dans la cité -- $g Pt. 3. 
=505  00$t$t Entre contribution au bien commun et intérêts communautaires -- $t Agir pour les musulmans ou pour tous ? -- $t Les motifs de l'engagement : entre convictions et pragmatisme -- $t Des convictions religieuses et des aspirations humanistes -- $t La quête des hasanât -- $t Donner une image positive de l'islam et faire la da'wah par l'action sociale -- $t L'engagement citoyen en vue de la reconnaissance publique -- $t Quand impartialité et préférence communautaire se combinent -- $t Priorisation des besoins et surreprésentation des musulmans dans les espaces d'exclusion -- $t Prédication religieuse et action sociale : des engagements entremêlés -- $t Des préoccupations religieuses qui précèdent l'action sociale -- $t L'exemple du Ramadan : entre assistance matérielle et facilitation des rites -- $t La frontière floue entre les logiques caritatives et religieuses -- $t Une dimension spirituelle peu présente dans les interventions sociales -- $t Discours d'universalisme, de neutralité et d'impartialité -- $t Les raisons pragmatiques d'une orientation communautaire -- $t Des partenariats et subventions qui encouragent les approches intra-culturelles -- $t Recourir aux registres identitaires pour obtenir des fonds communautaires -- $t L'affichage de l'identité religieuse : des enjeux plus stratégiques qu'idéologiques -- $t Des engagements communautaires musulmans dans une société sécularisée -- $t Des contextes nationaux à prendre en compte -- $t Action sociale musulmane, islamisme et radicalisation -- $t Frères Musulmans, islam politique et dynamiques associatives locales -- $t Des théories d'un "complot islamiste" discréditées par la recherche empirique -- $t Des associations musulmanes indépendantes et affranchies des idéologies extérieures -- $t Récupérations ou instrumentalisations des initiatives autonomes d'action sociale -- $t Une action sociale exempte de stratégie hégémonique ou d'agenda islamiste -- $t Compatibilité de valeurs, ou compétition entre normes et modèles de société ? -- $t Travail social institutionnel et acteurs musulmans : interactions évolutives et légitimités controversées -- $t Des musulmans sous les projecteurs : minorité à aider ou "classe dangereuse" à contrôler ? -- $t Les logiques de coopération entre institutions publiques et associations musulmanes -- $t Mobilisations de compétences et capacité à atteindre les publics cibles -- $t Le pragmatisme de l'intervention "intra-culturelle" face aux principes déontologiques -- $t La collaboration avec les institutions publiques au risque de la méfiance communautaire -- $t Rivalités, concurrence et méfiance : des acteurs "communautaires" discrédités -- $t Une suspicion institutionnelle justifiée par la "laïcité" -- $t Perceptions négatives envers l'identité musulmane des intervenants -- $t Les "bons" et les "mauvais" musulmans : une perception politique problématique -- $t De la sélection de partenaires musulmans fiables à l'imposition de normes externes -- $t Montrer patte blanche et gagner la confiance des autorités -- $t Des associations musulmanes qui réussissent là où l'État est discrédité ? -- $t Un islam populaire et prospère dans les quartiers défavorisés -- $t Un bref regard sur le contexte afro-américain -- $t Un succès peut-être surestimé... -- $t Particularités et contributions de l'action sociale musulmane -- $t La lutte contre l'exclusion à travers une action communautaire -- $t Charité versus développement durable -- $t L'approche intra-culturelle comme plus-value dans l'intervention sociale -- $t Vers la normalisation d'une action sociale religieuse et communautaire ? -- $t Discours "théologiques" et pratiques de terrain -- $t Philosophies de l'engagement caritatif religieux -- $t Des influences réciproques -- $t Vers une théologie musulmane de la libération ? -- $t Le passage incertain du caritatif à l'engagement politique -- $t Un engagement politique musulman éclipsé par le militantisme "décolonial" -- $t Une contribution publique et politique limitée.
=520  \\$a "En France comme dans d'autres pays européens, des associations musulmanes proposent des prestations caritatives incluant la distribution de colis alimentaires aux familles précaires, les maraudes à la rencontre des sans-abris, le soutien scolaire, la prévention de la délinquance dans les quartiers difficiles, la médiation familiale, ou encore la lutte contre l'extrémisme violent. Cette action sociale musulmane est de plus en plus le fruit d'organisations autonomes, qui tentent progressivement de s'émanciper de l'influence des structures islamiques transnationales. Encore méconnu, cet engagement social et citoyen au nom de la religion musulmane suscite des passions et des interrogations, qui vont parfois jusqu'à l'assimiler à un vecteur de radicalisation. En réponse, l'ouvrage dresse un panorama général de l'action sociale musulmane en Europe de l'Ouest en présentant plusieurs associations et projets caritatifs en France, en Suisse et en Grande-Bretagne, avant de proposer une analyse des enjeux sociaux, politiques et religieux du développement de ce phénomène au cours des vingt dernières années."--Page 4 of cover.
=545  0\$a Baptiste Brodard est docteur en études religieuses. Il a enseigné la sociologie et l'islamologie en France, en Suisse, en Malaisie, en Afrique du Sud et au Mexique. Ses recherches portent sur la pensée musulmane contemporaine, le militantisme social et politique confessionnel, ainsi que les communautés musulmanes en Europe et en Amérique latine.
=650  \0$aVoluntarism$xReligious aspects$xIslam.
=650  \0$aSocial service$xReligious aspects$xIslam.
=650  \0$aIslam and social problems$zFrance.
=650  \0$aIslam and social problems$zSwitzerland.
=650  \0$aIslam and social problems$zGreat Britain.
=830  \0$aCollection "Le travail du social."
=852  8\$hReCAP 23-112863
=901  \\$aAUXAM
=910  \\$aRL
=935  \\$aBRO-AP AUG 2023
=949  \1$z8528$aReCAP 23-112863$i33433135521494$p36.03$vAUXAM
=960  \\$s4064$tMAL$u41901apprv
=980  \\$a230919$b3603$c461$e4064$f39000845$g1


