=LDR  03044cam a2200433 i 4500
=001  AAL08279337-0001
=003  Fr-PaAMA
=005  20230912165701.0
=008  230611t20232023fr\a\\\\\b\\\\000\0afre\d
=020  \\$a9782379243271$q(paperback)$c15,00 EUR
=035  \\$a(OCoLC)1395536325
=040  \\$aFr-PaAMA$beng$erda
=043  \\$ae-fr---
=050  \4$aNK1535.M69$bA2 2023
=082  14$a844
=100  1\$aMosse, Aurélie,$eauthor.
=245  12$aL'accent fantôme et autres impressions séfarades /$cAurélie Mosse.
=264  \1$aSaint-Denis :$bPresses universitaires de Vincennes,$c[2023]
=264  \4$c©2023
=300  \\$a119 pages :$billustrations (chiefly color) ;$c18 cm.
=336  \\$atext$btxt$2rdacontent
=337  \\$aunmediated$bn$2rdamedia
=338  \\$avolume$bnc$2rdacarrier
=490  1\$a"Singulières migrations",$x2803-7286
=504  \\$aIncludes bibliographical references (page 114).
=520  \\$a "Navigation entre image et prose, L'Accent fantôme et autres impressions, séfarades est le récit d'un voyage introspectif où les mots donnent à voir la scène intérieure d'une absence trop longtemps refoulée. A l'occasion d'une relecture de ses travaux de designer et de chercheuse, Aurélie Mosse y questionne ses origines juives qui, inconsciemment, ont façonné ses créations. Chaque projet porte en lui un souvenir, une intuition qui ne demande qu'à être dévoilée et interprétée. Par étapes, le livre nous rapproche ainsi des figures occultées de ses arrières grands-parents paternels dont elle a ainsi voulu retrouver et honorer la mémoire. Comme si le vide, l'absence ne pouvaient prendre forme, devenir une réalité sensible sans passer par l'acte de création. A travers ce voyage aux confins de l'insconscient, il s'agit tout autant d'interroger le poids des héritages que de souligner comment l'imagination peut être un acte créateur aussi bien que réparateur de la mémoire."--Page 4 of cover.
=545  0\$a Aurélie Mosse est une designer, chercheuse et enseignante à l'École nationale supérieure des Arts Décoratifs de Paris. Docteure en design, co-directrice du groupe de recherche Soft Matters à l'Ensadlab, son travail se situe à la croisée du textile, de l'architecture et des nouvelles technologies. Sa recherche actuelle explore comment matériaux actifs et vivants peuvent informer des perspectives d'habitations plus poétiques et résilientes du inonde. En parallèle, elle mène depuis 2012 une réflexion sur les enjeux de transmissions transgénérationnels à partir de son héritage familial pluriel.
=600  14$aMosse, Aurélie.
=650  \0$aWomen designers$zFrance$vBiography.
=650  \0$aJews$zFrance$xIdentity.
=650  \0$aDesigners$zFrance$vBiography.
=830  \0$aSingulières migrations.
=852  8\$hReCAP 23-112867
=901  \\$aAUXAM
=910  \\$aRL
=935  \\$aMOS-AP AUG 2023
=949  \1$z8528$aReCAP 23-112867$i33433135521445$p17.44$vAUXAM
=960  \\$s2205$tMAF$u50085JWS
=980  \\$a230919$b1744$c461$e2205$f39000845$g1


