=LDR  01870cam a2200337 i 4500
=001  AAL08281350-0001
=003  Fr-PaAMA
=005  20230824152202.0
=008  230622t20232023fr\\\\\\\\\\\\000\1\fre\d
=020  \\$a9782073029164$q(paperback)$c14,50 EUR
=035  \\$a(OCoLC)1395537703
=040  \\$aFr-PaAMA$beng$erda
=050  \4$aPQ2702.E34$bA65 2023
=082  14$a843
=100  1\$aBégaudeau, François,$d1971-$eauthor.
=245  12$aL'amour :$broman /$cFrançois Bégaudeau.
=264  \1$a[Paris] :$bVerticales,$c[2023]
=264  \4$c©août 2023
=300  \\$a89 pages ;$c21 cm
=336  \\$atext$btxt$2rdacontent
=337  \\$aunmediated$bn$2rdamedia
=338  \\$avolume$bnc$2rdacarrier
=520  \\$a "J'ai voulu raconter l'amour tel qu'il est vécu la plupart du temps par la plupart des gens: sans crise ni événement. Au gré de la vie qui passe, des printemps qui reviennent et repartent. Dans la mélancolie des choses. Il est partout et nulle part, il est dans le temps même. Les Moreau vont vivre cinquante ans côte à côte, en compagnie l'un de l'autre. C'est le bon mot : elle est sa compagne, il est son compagnon. Seule la mort les séparera, et encore ce n'est pas sûr."--Page 4 of cover.
=545  0\$a François Bégaudeau est né en 1971 à Luçon. Outre de nombreux essais, pièces de théâtre, scénarios de BD et documentaires, il est l'auteur de douze fictions depuis 2003 aux Éditions Verticales, dont Jouer juste, Entre les murs (prix France Culture-Télérama 2006, adapté au cinéma par Laurent Cantet), La blessure la vraie, Molécules, En guerre, Un enlèvement et Ma cruauté.
=852  8\$hReCAP 23-112884
=901  \\$aAUXAM
=910  \\$aRL
=935  \\$aBEG-AP AUG 2023
=949  \1$z8528$aReCAP 23-112884$i33433135521569$p16.85$vAUXAM
=960  \\$s2146$tMAL$u41901apprv
=980  \\$a230919$b1685$c461$e2146$f39000845$g1


