=LDR  02587cam a2200385 i 4500
=001  AAL08248617-0001
=003  Fr-PaAMA
=005  20230912164312.0
=008  230328t20232023fr\a\\\\\b\\\\000\0\fre\d
=020  \\$a9782213725536$q(paperback ;$qFayard)$c12,00 EUR
=035  \\$a(OCoLC)1392408594
=040  \\$aFr-PaAMA$beng$erda
=050  \4$aHC79.P6$bD838 2023
=082  14$a339
=100  1\$aDuflo, Esther,$d1972-$eauthor.
=245  10$aExpérience, science et lutte contre la pauvreté (presque) quinze ans après /$cEsther Duflo, chaire pauvreté et politiques publiques.
=264  \1$a[Paris] :$bCollège de France ;$aParis :$bFayard,$c[2023]
=264  \4$c©2023
=300  \\$a86 pages :$billustration ;$c19 cm.
=336  \\$atext$btxt$2rdacontent
=337  \\$aunmediated$bn$2rdamedia
=338  \\$avolume$bnc$2rdacarrier
=490  1\$aLeçons inaugurales du Collège de France ;$vno 315
=504  \\$aIncludes bibliographical references.
=520  \\$a "Au cours des vingt dernières années, une nouvelle méthode d'étude du développement économique a émergé : l'approche expérimentale. Elle consiste à évaluer les politiques de lutte contre la pauvreté au moyen d'expériences pilotes menées avec la rigueur des essais cliniques. Quinze ans après sa première leçon inaugurale, Esther Duflo dresse le bilan des succès et des échecs de ces politiques dans le monde. Malgré des évolutions constatées dans certains domaines, nous sommes aujourd'hui à un point de bascule : la pauvreté augmente et les conséquences du réchauffement climatique, dont les pays les plus défavorisés seront les premières victimes, menacent d'effacer la plupart des gains que nous pensions acquis. Quelles leçons en tirer face à l'urgence des problèmes auxquels sont confrontés les plus démunis ?"--Page 4 of cover.
=545  0\$a Esther Duflo est économiste, professeure au MIT, cofondatrice et codirectrice de J-PAL,-laboratoire d'action contre la pauvreté. Co-lauréate en 2019 du prix de la Banque de Suède en sciences économiques créé en mémoire d'Alfred Nobel, elle a été nommée en 2022 professeure au Collège de France, titulaire de la chaire Pauvreté et politiques publiques.
=650  \0$aPoverty$xGovernment policy$xEvaluation.
=830  \0$aLeçons inaugurales du Collège de France ;$vno 315.
=852  8\$hReCAP 23-112868
=901  \\$aAUXAM
=910  \\$aRL
=935  \\$aDUF-AP AUG 2023
=949  \1$z8528$aReCAP 23-112868$i33433135521437$p13.95$vAUXAM
=960  \\$s1856$tMAL$u41901apprv
=980  \\$a230919$b1395$c461$e1856$f39000845$g1


