=LDR  01470cam a2200421 i 4500
=001  AAL08280411-0001
=003  Fr-PaAMA
=005  20230826200546.0
=008  230617t20232023fr\\\\\\\b\\\\000\0afre\d
=020  \\$a9791096098323$q(paperback)$c10,00 EUR
=035  \\$a(OCoLC)1388638520
=040  \\$aFr-PaAMA$beng$erda
=043  \\$ae-fr---
=050  \4$aPQ2701.L3373$bZ46 2023
=082  14$a840
=100  1\$aAlbertazzi, Hervé,$d1968-$einterviewee.
=245  10$aDOA, rétablir le chaos /$cpropos recueillis par Élise Lépine.
=264  \1$aLevallois-Perret :$bPlaylist society,$c[2023]
=264  \4$c©2023
=300  \\$a155 pages ;$c16 cm.
=336  \\$atext$btxt$2rdacontent
=337  \\$aunmediated$bn$2rdamedia
=338  \\$avolume$bnc$2rdacarrier
=490  0\$aCollection "Face B"
=490  0\$aEntretien-littérature
=500  \\$aComplete statement of responsibility taken from page 21.
=500  \\$a"DOA" stands for "Dead on Arrival" and is Hervé Albertazzi's pen-name.
=504  \\$aIncludes bibliographical references (pages 154-155).
=600  14$aAlbertazzi, Hervé,$d1968-$vInterviews.
=650  \0$aAuthors, French$y21st century$vInterviews.
=700  1\$aLépine, Élise,$einterviewer.
=852  8\$hReCAP 23-112885
=901  \\$aAUXAM
=910  \\$aRL
=935  \\$aLEP-AP AUG 2023
=949  \1$z8528$aReCAP 23-112885$i33433135521718$p11.62$vAUXAM
=960  \\$s1623$tMAL$u41901apprv
=980  \\$a230919$b1162$c461$e1623$f39000845$g1


