=LDR  07693cam a2200481 i 4500
=001  AAL08285882-0001
=003  Fr-PaAMA
=005  20230908103339.0
=008  230712t20232023be\abde\\b\\\\001\0\eng\d
=020  \\$a9782875623584$q(paperback)$c30,00 EUR
=035  \\$a(OCoLC)1392408040
=040  \\$aFr-PaAMA$beng$erda
=043  \\$ae-gr---
=050  \4$aBL325.K5$bC36 2023
=082  14$a930
=100  1\$aCaneva, Stefano,$eauthor.
=245  14$aThe power of naming :$bstudies in the epicletic language of Hellenistic honours /$cStefano G. Caneva.
=264  \1$aLiège (Belgique) :$bPresses universitaires de Liège,$c2023.
=264  \4$c©2023
=300  \\$a404 pages :$billustrations (some color), map, charts, plans ;$c24 cm.
=336  \\$atext$btxt$2rdacontent
=337  \\$aunmediated$bn$2rdamedia
=338  \\$avolume$bnc$2rdacarrier
=490  1\$aKernos. Supplément,$x0776-3824 ;$v41
=500  \\$a"Centre international d'étude de la religion grecque antique"--At bottom of title page.
=504  \\$aIncludes bibliographical references (pages 353-394) and indexes.
=505  00$g 1. $t Cult denominations and die dilemma of Hellenistic royal deification : A methodological introduction -- $t Searching for the big picture, focusing on the context -- $t Cultic honours for human beings and the epicletic language of Greek religion -- $t Becoming Iheos : Reassessing the link between cultic honours and ontology -- $t Ancient criticisms and modern issues -- $t Diffèrent regards across genres, space, and rime -- $t From physis to timi Status and the religiouspersona of a ruler -- $t Mapping the syntax of compound denominations -- $t God-to-god and human-ro-god ritual associations as seen through cultic denominations -- $t Ille bricks of compound denominations : Roots, qualifiers, epithets -- $t Plan of the book -- $g 2. $t Two-member denominations combining a royal naine with a theonym -- $t Overview of the evidence -- $t Acting as king and quecn : Harpalos and the religious honours for his hetairai -- $t The religious toolkit of diplomacy : Demetrios' women and the rote of Aphrodite in Athens -- $t Reversing the onomastic sequence : Aphrodite followed by a royal personal naine -- $t Toponyms, sanctuaries, and altars : Aphrodite and queens in the Egyptian thora -- $t Sexuality and marnage, diplomacy and war : The many faces of Aphrodite -- $t Two-member denominations for Hellenistic kings and courtiers -- $t The false case of Zeus Kassandros in Macedonia -- $t Zeus Idrieus at Iasos -- $t Zeus (Larasios) Eumenes in Tralleis -- $t Menekratcs Zeus and Herakles ihemison : Court hierarchy and the appropriateness of compound denominations for royal friends -- $t Concluding remarks -- $g 3. $t Three-member and multiple denominations -- $t Overview of the evidence -- $t Three-member and multiple denominations with an anthroponym as root element -- $t Category I : Anthroponym followed by an epithet and theonym (A-e-T) -- $t Arsinœ Philadelphos Naias at Chytroi, Cyprus -- $t Arsinœ Philadelphos Isis on Alexandrian oinochoai -- $t Agathe Tyche on Ptolemaic oinochoai : Diachronic change in the religious representation of Ptolemaic queens ? -- $t Antiochos (VI) Epiphanes Dionysos -- $t Mithridates (VI) Eupator Dionysos -- $t Category II : Reversed 'epithet + anthroponym' order (e"-A-T). Basilissa Arsinœ Kypris at Cape Zephyrion -- $t Category III : Theonym embedded within an `anthroponym + cpithet' group (A-T-e") -- $t Seleukos Zeus Nikator and Antiochos Apollo Soter at Seleucia in Pieria -- $t Multiple epithets : Antiochos (XII) Dionysos Epiphanes Philopator Kallinikos (A-T-e") -- $t Epidetic innovations under Kleopatra III (A-e"-T-e") -- $t Category IV : Reversed 'epithet + anthroponym' sequence with a nested theonym (e"-T-A) -- $t Basilissa Aphrodite Laodike at Iasos -- $t Chinese boxes : Theos Zeus Eleutherios Philopatris Theophanes at Mytilene (e"-T-eT-e"-A) -- $t Three-member denominations with a theonym as root element (T-eT-A or T-A-e") -- $t Zeus Soter Hiero in Syracuse -- $t Aphrodite Akraia Arsinœ at Cape Zephyrion -- $t Isis Arsinœ Philaelelphos at Kanopos and Halikarnassos -- $t The beginnings of the 'Neos + theonym' epithets (A-e"`°`-T) -- $t Neos Dionysos -- $t Nea Isis, Thea Neotera -- $t Concluding remarks -- $g 4. $t Divine anthropophoric epicleses based on royal personal names -- $t Royal names turned into divine epicleses : From religion to honours, and back -- $t Zeus Philippios in Eresos, 336 BC -- $t Zeus Seleukeios and Zeus Antigona(i)os in Roman Lydia and Phrygia -- $t Aphrodite Stratonikis in Smyrna, 246/5-244/3 BC -- $t Apollo Pasparios in Pergamon -- $t Meaning and failure of divine anthropophoric epicleses : The point of view of the Greek epicletic system -- $g 5. $t Becoming Theos : The Hellenistic history of a deifying epithet -- $t Purpose and challenges of mapping the diffusion of Theos -- $t Alexander's last years -- $t Cultic honours for Alexander in Athens -- $t Hcphaestion as Theos Paredros -- $t Alexander, Greek cities, and religious honours : Exploring similarities with Siwa, 332/1 BC -- $t Ille Diadochi down to 280 BC -- $t The reign of Ptolemy II as a turning point -- $t Asia Minor and Egypt in the mid-3" century : From Ptolemies to Seleucids and the question of Antiochos II's epithet Theos -- $t Consolidation of the tradition : 'The Attalids and their legacy -- $t limas and the divine epiphany of living rulers : From Ptolemy V to Antiochos IV -- $t Kleopatra Thea Eueteria in Antiochia-Ptolemais-Ake -- $t Coda : The late-Hellenistic East, and back to Teos -- $g 6. $t Synthesis, general observations, and further perspectives -- $t Reassessing the religious significance of compound denominations for Hellenistic rulers -- $t Comparing different syntactic patterns and their religious meaning -- $t The choice and position of deities in compound denominations -- $t The point of view of different media -- $t Mapping compound denominations through cime and space -- $t Compound denominations and rituals -- $t Beyond epithets : Exploring similarities with iconography and court performances -- $t What did cultic honours ever do for Greek religion? -- $t Bibliography.
=520  \\$a "The way in which the religious figure of sovereigns and political leaders was named in the Hellenistic world is modelled on the human power of naming the gods. The political history of the Hellenistic Mediterranean, from Sicily to Bactria, can benefit from the most recent contributions on how to name and address the gods - the so-called "epi- cletic" system - to provide a fresh reassessment of the entanglement between honorific practices and the religious life at that time. Reconsidering the relationships between honours and religion, also implies reversing the question of the influence of Greek religion on Hellenistic ruler cults.This perspective allows us to explore how a new tradition of ritual encounters between human power and the divine sphere may have impacted post-classical developments in Greek polytheism."--Page 4 of cover.
=651  \0$aGreece$xKings and rulers$xReligious aspects.
=650  \0$aReligion and politics$zGreece.
=650  \0$aDivine right of kings$xHistory.
=650  \0$aWorship$xHistory.
=650  \0$aGods, Greek$xNames.
=650  \0$aEpiclesis.
=710  2\$aCentre international d'étude de la religion grecque antique,$eissuing body.
=830  \0$aKernos.$pSupplément ;$v41.
=852  8\$hReCAP 23-112883
=901  \\$aAUXAM
=910  \\$aRL
=935  \\$aCAN-AP AUG 2023
=949  \1$z8528$aReCAP 23-112883$i33433135521577$p34.87$vAUXAM
=960  \\$s3948$tMAL$u41901apprv
=980  \\$a230919$b3487$c461$e3948$f39000845$g1


