=LDR  04738cam a2200445 i 4500
=001  AAL08292435-0001
=003  Fr-PaAMA
=005  20230914073728.0
=008  230803t20232023be\ah\\\\b\\\\101\0\eng\d
=020  \\$a9782503605586$q(hardback)$c95,00 EUR
=035  \\$a(OCoLC)1371246167
=040  \\$aFr-PaAMA$beng$erda
=050  \4$aBX4662$b.I57 2023
=082  14$a235$a270
=245  00$aInteracting with saints in the late Antique and Medieval worlds /$cedited by Robert Wisniewski, Raymond Van Dam and Bryan Ward-Perkins.
=264  \1$aTurnhout, Belgium :$bBrepols,$c[2023]
=264  \4$c©2023
=300  \\$a282 pages :$billustrations (chiefly color), facsimiles ;$c24 cm.
=336  \\$atext$btxt$2rdacontent
=337  \\$aunmediated$bn$2rdamedia
=338  \\$avolume$bnc$2rdacarrier
=490  1\$aHagiologia-études sur la sainteté et l'hagiographie =$aStudies on sanctity and hagiography,$x1378-1006 ;$vvol. 20
=500  \\$aBased on a colloquium held at University of Warsaw, Warsaw, Poland, 2018.
=504  \\$aIncludes bibliographical references and index.
=505  00$t Abbreviations -- $t Robert Wisniewski, Introduction -- $t Seeing and Hearing the Saints -- $t Robin M. Jensen, Icons as Relies, Relies as Icons -- $t Maria Lidova, Placing Martyrs in the Apse : Visual Stratégies for the Promotion of Saints in Late Antiquity -- $t Julia Doroszewska, Saintly In-betweeners : The Liminal Identity of Thekla and Artemios in their Lare Antique Miracle Collections -- $t Arkadiy Avdokhin, Resounding Martyrs : Hymns and the Veneration of Saints in Lare Antique Miracle Collections -- $t Les saints myroblytes en Orient et en Occident jusqu'à l'an mil : Prolégomènes à l'histoire d'un phénomène miraculeux -- $t Local and Cosmopolitan Cuits -- $t Andrâs Handl, Reinvented by Julius, Ignored by Damasus : Dynamics of the Cult of Callixtus in Lare Antique Rome -- $t Stephanos Efthymiadis, The Cult of Saints in Constantinople (Sixth-Twelfth Century) : Some Observations -- $t Anna Lampadaridi, The Origins and Later Development of the First Italo-Greek Hagiographies : The Dossiers of the Sicilian Martyrs Agatha, Lucia, and Euplus -- $t Constructing Paradigms -- $t Ian Wood, The Lives of Episcopal Saints in Gaul : Models for a Time of Crisis, c. 470-550 -- $t Michal Pietranik, Saints and Sacred Objeccs in Eastern Roman Imperia Warfare : The Case of Maurice (582.-602) -- $t Nikoloz A Leksidze, Martyrs, Hunters and Kings : The 'Political Theologi of Saints' Relies in Late Antique Caucasia -- $t Index of Saints, Persons, Places, and Subjects.
=520  \\$a "The cuit of saints is one of the mort fascinating religious developments of Late Antiquity and the early Middle Ages. Christians admired martyrs already in the second century, but for a long time they perceived them only as examples to follow and believed they could pray directly to God, whom they addressed as 'Our Father'. A new attitude toward saints, now considered above ail as powerful friends of God and efficient intercessors, began to emerge in the third century. Once this process gained momentum in the Constantinian era, the cuit of saints constantly changed and rapidly adapted to new conditions and demands. This evolution highlighted many factors : the popularity of specific saints and the different types of sanctity, the spread of cuits and customs, and the ways in which the saints were described, visualised, and represented. This volume seeks to capture the dynamic of these adaptations, showing both those aspects of cuit which evolved quickly and those which remained stable for long periods of time. It studies the evolution of the cuits over a broad period from the third to the seventh centuries and in various regions from Gaul to Georgia, with a particular interest in the two greatest centres of the cuit of saints : Rome and Constantinople. In response to changing needs and different circumstances, new generations of believers repeatedly modified the cuits of established saints, even as they introduced new saints."--Page 4 of cover.
=650  \0$aChristian saints$xCult$xHistory of doctrines$yEarly church, ca. 30-600$vCongresses.
=650  \0$aChristian saints$xCult$xHistory of doctrines$yMiddle Ages, 600-1500$vCongresses.
=700  1\$aWisniewski, Robert,$d1968-$eeditor.
=700  1\$aVan Dam, Raymond,$eeditor.
=700  1\$aWard-Perkins, Bryan,$eeditor.
=710  2\$aUniwersytet Warszawski,$ehost institution.
=830  \0$aHagiologia ;$vvol. 20.
=852  8\$hReCAP 23-112888
=901  \\$aAUXAM
=910  \\$aRL
=935  \\$aWIS-AP AUG 2023
=949  \1$z8528$aReCAP 23-112888$i33433135521833$p125.54$vAUXAM
=960  \\$s13015$tMAL$u50145RCR
=980  \\$a230919$b12554$c461$e13015$f39000845$g1


