=LDR  03818cam a2200397 i 4500
=001  AAL08201665-0001
=003  Fr-PaAMA
=005  20230904144057.0
=008  221007m20229999fr\adh\\\b\\\\000\0\fre\d
=020  \\$a9782368020180$q(paperback ;$qv. 1)$c20,00 EUR
=035  \\$a(OCoLC)1373372045
=040  \\$aFr-PaAMA$beng$erda
=050  \4$aGV943.9.P65$bL44 2022
=082  14$a796
=100  1\$aLegat, Frédérik,$eauthor.
=245  10$aGéopolitique du football /$cFrédérik Legat.
=264  \1$aParis :$bBibliomonde éditions,$c[2022]-
=264  \4$c©2022-
=300  \\$avolumes :$billustrations, charts, facsimiles ;$c21 cm
=336  \\$atext$btxt$2rdacontent
=337  \\$aunmediated$bn$2rdamedia
=338  \\$avolume$bnc$2rdacarrier
=504  \\$aIncludes bibliographical references.
=505  1\$a[1]. 1900-1914
=505  00$t Préface de Pascal Boniface -- $t La situation en 1914 -- $t La Première Guerre mondiale -- $t Une reprise progressive dans un monde nouveau -- $t La montée en puissance des nouveaux pays danubiens -- $t La religion comme facteur de tensions -- $t La multiplication des confrontations internationales -- $t La révélation de l'Amérique du Sud aux yeux du monde -- $t Un continent qui s'éveille au sentiment national par le football : l'Afrique -- $t L'avènement du fascisme en Italie et son ascension au firmament footballistique -- $t Le basculement de l'Allemagne -- $t L'Espagne monarchiste, républicaine et franquiste -- $t Des nuages noirs annonciateurs d'orage sur l'Europe et sur le football -- $t À l'Est, rien de nouveau, ou presque.
=520  \\$a "Cet ouvrage raconte les premières décennies du football, sport populaire et mondialisé, à travers les relations internationales, jusqu'en 1939. C'est le premier d'une série de cinq volumes qui formera une grande fresque géopolitique s'appuyant sur l'histoire du football dans toutes les parties du monde où ce jeu a enthousiasmé les foules. Par son universalité, ce sport d'équipe est le seul à avoir, depuis plus d'un siècle, généré autant de passions à autant de personnes. Déjà capable d'attirer jusqu'à 120 000 personnes pour un seul match dès les années 1910, il est très tôt victime de son succès. La mutation des années 1914-1918, qui fait de lui un sport aux valeurs guerrières, change définitivement la donne. Plus de football, désormais, sans nationalisme, comme le montre la finale des JO 1920 à Anvers. La montée des périls des années 1930 ne fait que confirmer ce phénomène. Rares sont les confrontations internationales exemptes de tensions ou de violence, sur ou hors du terrain. Le football, désormais, c'est la guerre, les morts en moins. Il devient de fait, lui aussi, la continuation de la politique... par d'autres moyens. Ce volume nous conduit d'Europe occidentale et centrale où le football a prospéré à ses débuts à l'Amérique latine où il a explosé. Après un détour par l'Afrique qui en a fait un instrument de construction des identités nationales, on verra comment les régimes fascistes européens, ainsi que celui de l'URSS, en ont fait des outils de manipulation des foules."--Page 4 of cover.
=545  0\$a Historien du football, diplômé de la Sorbonne, Frédérik Legat est aussi un ancien triathlète qui a participé à près de 400 courses à travers la France et l'Europe. Il est notamment l'auteur de Les destins maudits du football et de Les plus grands exploits de la Coupe du monde (éditions Spinelle).
=650  \0$aSports and international relations.
=650  \0$aSoccer$xPolitical aspects.
=852  8\$hReCAP 23-
=901  \\$aAUXAM
=910  \\$aRL
=935  \\$aLEG-AP AUG 2023
=949  \1$z8528$aReCAP 23-$p23.25$vAUXAM
=960  \\$s2786$tMAL$u41901apprv
=980  \\$a230919$b2325$c461$e2786$f39000845$g1


