=LDR  03219cam a2200445 i 4500
=001  AAL08284493-0001
=003  Fr-PaAMA
=005  20230911200507.0
=008  230706t20232023fr\\\\\\\b\\\\101\0\fre\d
=020  \\$a9782406148623$q(paperback)$c26,00 EUR
=035  \\$a(OCoLC)1395536184
=040  \\$aFr-PaAMA$beng$erda
=043  \\$ae-it---
=050  \4$aPQ4829.A758$bZ64 2023
=082  14$a809$a850
=245  00$aBenedetta Cappa Marinetti :$bcréatrice singulière de l'avant-garde futuriste en Europe /$csous la direction de Cathy Margaillan.
=264  \1$aParis :$bClassiques Garnier,$c2023.
=264  \4$c©2023
=300  \\$a210 pages ;$c22 cm.
=336  \\$atext$btxt$2rdacontent
=337  \\$aunmediated$bn$2rdamedia
=338  \\$avolume$bnc$2rdacarrier
=490  1\$aRencontres,$x2103-5636 ;$v582
=500  \\$aProceedings of the congress held at Université Côte d'Azur, Nice, France, March 28-29, 2019.
=504  \\$aIncludes bibliographical references and index.
=505  00$t Benedetta Cappa Marinetti (1897-1977). Artiste totale de l'"Arte-Vita" -- $t La réception critique de Benedetta Cappa Marinetti, une énigme ? -- $t Benedetta et les arts visuels -- $t Voyage de Gararà, notes pour un Chromodrame -- $t L'expérimentation romanesque de Benedetta ou "la création de soi par soi" -- $t Benedetta entre aéropoésie et aéropeinture dans les années 30. "Volontà e pœsia nel golfo di Napoli" -- $t Benedetta Cappa Marinetti, théosophie, supersensibilité et invention littéraire -- $t Monica BIA.siow Géométries de l'espace, chromatismes musicaux et espaces intérieurs. Else Lasker-Schtiler vs Benedetta -- $t Benedetta et Virginia Woolf, un dialogue possible ? -- $t "Antmiro il genio di Benedetta". Notes sur la fortune du futurisme (1944-1956).
=520  \\$a "La singularité de Benedetta Cappa Marinetti "artiste totale" qui a su intégrer pleinement le concept "Arte-Vita", justifie qu'on la fasse connaître en France. L'analyse de sa production littéraire et artistique menée par l'ensemble des spécialistes internationaux sur la question permet d'une part un réexamen de l'apport de Benedetta au futurisme en soulignant le rôle essentiel qu'elle a joué dans les orientations esthétiques et théoriques du second futurisme au même titre que son époux Filippo Tommaso Marinetti. D'autre part, cette réflexion collective contribue à approfondir la place que son expérimentalisme littéraire et artistique lui a conférée au sein des avant-gardes européennes en espérant ouvrir de nouvelles voies de recherche."--Page 4 of cover.
=600  10$aMarinetti Cappa, Benedetta,$d1897-1977$xCriticism and interpretation$vCongresses.
=650  \0$aFuturism (Literary movement)$zItaly$vCongresses.
=650  \0$aModernism (Art)$zItaly$vCongresses.
=700  1\$aMargaillan, Cathy,$eeditor.
=710  2\$aUniversité Côte d'Azur,$ehost institution.
=830  \0$aRencontres (Éditions Classiques Garnier) ;$v582.
=852  8\$hReCAP 23-112871
=901  \\$aAUXAM
=910  \\$aRL
=935  \\$aMAR-AP AUG 2023
=949  \1$z8528$aReCAP 23-112871$i33433135521692$p30.22$vAUXAM
=960  \\$s3483$tMAL$u41901apprv
=980  \\$a230919$b3022$c461$e3483$f39000845$g1


