=LDR  01946cam a2200349 i 4500
=001  AAL08288817-0001
=003  Fr-PaAMA
=005  20230911110125.0
=008  230725t20232023fr\\\\\\\\\\\\000\1\fre\d
=020  \\$a9782355772580$q(paperback)$c18,00 EUR
=035  \\$a(OCoLC)1392407732
=040  \\$aFr-PaAMA$beng$erda
=050  \4$aPQ2718.O29234$bJ68 2023
=082  14$a841
=100  1\$aRoche, Serge Marcel,$eauthor.
=245  10$aJournal de la brousse endormie /$cSerge Marcel Roche.
=264  \1$aSainte-Colombe-sur-Gand :$bLa Rumeur libre éditions,$c[2023]
=264  \4$c©2023
=300  \\$a169 pages ;$c20 cm.
=336  \\$atext$btxt$2rdacontent
=337  \\$aunmediated$bn$2rdamedia
=338  \\$avolume$bnc$2rdacarrier
=490  1\$aCollection La bibliothèque,$x2101-7859 ;$v76
=520  \\$a "Donc rester, tu n'irais pas après ni delà, plus avant que le coin de rien, une touffe de marguerites en surplomb du fossé, car c'est au même toujours qu'on se heurte, à la stagnation de l'humain, sèche boue tandis que les fourmis vampirisent le peu de fraîcheur, ne pouvons sans être mordus au dedans par des mâchoires politiques ou des dentitions littéraires trouver un lieu de bien sous la voûte, un tout petit endroit de soi sans colère pour deviser, pour taire, avec autrui en juste distance, genre fines ramures entrelacées des pompons de marin laissant passer rose lumière ou gerbes mauves de bougainvillées qui ne se voient qu'au jardin, tu rêves d'un truc à la française pour géométriser tes pas ou de pivoines, mais s'en aller pour où pour quoi, toujours vers un tombeau qu'on va."--Page 4 of cover.
=830  \0$aBibliothèque (Rumeur libre éditions) ;$v76.
=852  8\$hReCAP 23-112865
=901  \\$aAUXAM
=910  \\$aRL
=935  \\$aROC-AP SEP 2023
=949  \1$z8528$aReCAP 23-112865$i33433135521460$p20.92$vAUXAM
=960  \\$s2553$tMAL$u41901apprv
=980  \\$a230919$b2092$c461$e2553$f39000845$g1


