=LDR  02167cam a2200349 i 4500
=001  AAL08282061-0001
=003  Fr-PaAMA
=005  20230906163651.0
=008  230624t20232023fr\\\\\\\\\\\\000\1\fre\d
=020  \\$a9782073026262$q(paperback)$c21,00 EUR
=035  \\$a(OCoLC)1395544459
=040  \\$aFr-PaAMA$beng$erda
=050  \4$aPQ2718.O575$bA85 2023
=082  14$a843
=100  1\$aRonsin Le Mat, Chloé,$d1989-$eauthor.
=245  10$aAnna partout /$cChloé Ronsin Le Mat.
=264  \1$a[Paris] :$bGallimard,$c[2023]
=264  \4$c©2023
=300  \\$a285 pages ;$c21 cm.
=336  \\$atext$btxt$2rdacontent
=337  \\$aunmediated$bn$2rdamedia
=338  \\$avolume$bnc$2rdacarrier
=490  0\$aScribes
=520  \\$a "Alors qu'il arrive au seuil de la trentaine, un ex-adolescent des années 2000 est insatisfait de sa vie terne : il s'ennuie dans son travail de téléconseiller, fréquente une femme qu'il a connue lors d'un Erasmus en Angleterre avant de s'en désintéresser et vit dans un sentiment croissant de flottement et d'irréalité. Son seul exutoire : la fascination qu'exerce sur lui Anna, sa demi-sœur d'une famille recomposée. Il sent partout sa présence et éprouve le besoin toujours plus vif de renouer avec elle. Un jour, il trouve un moyen de la surveiller en permanence ; son obsession prend alors le pas sur tous les aspects de son quotidien - au risque de mettre au jour ses zones d'ombre. Écrit dans une langue étonnante de maîtrise et de maturité, récit d'une obsession trouble, Anna partout dépeint l'état de nos vies quand la frontière entre réel et virtuel s'effrite et que les violences se révèlent. C'est aussi un formidable roman-puzzle où la pièce manquante réside peut-être dans l'esprit d'un narrateur plus qu'incertain..."--Page 4 of cover.
=545  0\$a Née en 1989, Chloé Ronsin Le Mat vit et travaille à Paris. Anna partout est son premier roman.
=852  8\$hReCAP 23-112886
=901  \\$aAUXAM
=910  \\$aRL
=935  \\$aRON-AP SEP 2023
=949  \1$z8528$aReCAP 23-112886$i33433135521858$p24.41$vAUXAM
=960  \\$s2902$tMAL$u41901apprv
=980  \\$a230919$b2441$c461$e2902$f39000845$g1


