=LDR  04880cam a2200445 i 4500
=001  AAL08275524-0001
=003  Fr-PaAMA
=005  20230911101258.0
=008  230524t20232023fr\dgh\\\b\\\\001\0\fre\d
=020  \\$a9791023107579$q(paperback)$c22,00 EUR
=035  \\$a(OCoLC)1395536163
=040  \\$aFr-PaAMA$beng$erda
=050  \4$aPQ1997.Z5$bL4 2023
=082  14$a840
=130  0\$aLesage.
=245  10$aLesage, ou, L'invention comique /$cChristelle Bahier-Porte, Christophe Martin (dir.).
=246  30$aInvention comique
=264  \1$aParis :$bSorbonne université presses,$c[2023]
=264  \4$c©2023
=300  \\$a357 pages :$bcharts, music, facsimiles ;$c21 cm.
=336  \\$atext$btxt$2rdacontent
=337  \\$aunmediated$bn$2rdamedia
=338  \\$avolume$bnc$2rdacarrier
=490  1\$aCollection "Theatrum mundi"
=504  \\$aIncludes bibliographical references (pages 315-340) and index.
=505  00$g Pt. 1. $t Hybridations romanesques -- $g 1. $t Entre Avellaneda et Cervantès : les paradoxes des Nouvelles aventures de Lesage -- $t David Alvarez Roblin -- $g 2. $t Réévaluer le merveilleux du Diable boiteux : savoir et merveille -- $t Aurélia Gaillard -- $g 3. $t Poétique du regard dans la fiction lesagienne : Le Diable boiteux et Une journée des Parques -- $t Floriane Daguisé -- $g 4. $t La curiosité dans Le Diable boiteux et Gil Blets : un enjeu moral et poétique -- $t Françoise Gevrey -- $g 5. $t Gil Blas de Lesage, une hybridation du roman comique et du journal à l'aube du XVIIIe siècle -- $t Jean-Paul Sermain -- $g 6. $t Lesage/Leibniz ou le roman comme machine à calculer -- $t Slaven Waelti -- $g 7. $t L'intertexte tragique dans Gil Blas : une voix discordante ? -- $t Catherine Ramond -- $g 8. $t Les Aventures de Robert Chevalier, dit de Beauchéne : de l'histoire véritable au roman-mémoires -- $t Jacques Cormier -- $g Pt. 2. $t L'invention dramatique -- $g 9. $t Le cousinage parodique revendiqué : Lesage et l'opéra -- $t Judith le Blanc -- $g 10. $t Les Noces de Proserpine (17i7) : une réécriture de Proserpine ( DPI 58) ? -- $t Yann Mahé -- $g 11. $t À la cour du roi manant. Le royalisme paradoxal du Théâtre de la Foire -- $t Jeffrey M. Leichman -- $g 12. $t D'Orneval, l'ombre de Lesage ? -- $t Nathalie Rizzoni -- $g Pt. 3. $t Lesage en héritage -- $g 13. $t Le dernier mot de Lesage romancier : une lecture du Livre sixième d'Estévanille Gonzalez -- $t Paul Pelckmans -- $g 11. $t V. La Vie de don Alphonse Blas de Lirias : palimpseste et séquelle de Gil Blas -- $g 15. $t Anatole France et Lesage ou la contagion de la fadeur -- $t Guillaume Métayer -- $g 16. $t La réception hongroise de l'Histoire de Gd Blas de Santillane -- $t Melinda Orbàzi.
=520  \\$a "L'œuvre d'Alain-René Lesage (1668-1747) frappe par sa diversité : l'auteur de l'Histoire de Cil Blas de Santillane (1715-1735) et de Turearet (1709) s'est illustré aussi bien dans la fiction narrative en prose, publiant une douzaine de romans, que sur la scène théâtrale, faisant jouer une centaine de pièces, écrites de sa main ou en collaboration, pour la Comédie-Française puis pour les théâtres de la Foire. Cette œuvre abondante et protéiforme semble échapper à tout principe unificateur et son caractère apparemment disparate l'a longtemps exposée à un soupçon de facilité, voire d'opportunisme. Le parti pris du recueil des seize études ici réunies est de discerner dans l'invention comique lesagienne, tant romanesque que théâtrale, un puissant principe d'unité et d'originalité, et d'en prendre toute la mesure : il s'agit tout à la fois d'explorer les différentes facettes de ce régime comique, afin d'en mieux reconnaître la singularité et la modernité, et de le resituer dans son temps sans en négliger le devenir, entre oubli prolongé et postérités trop souvent méconnues."--Page 4 of cover.
=545  0\$a Christelle Bahier-Porte est professeure de littérature française à l'université Jean Monnet Saint-Étienne. Elle dirige l'édition des Œuvres complètes de Lesage. Ses recherches les plus récentes portent sur les enjeux de la Querelle des Anciens et des Modernes.
=545  0\$a Christophe Martin est professeur de littérature française du XVIIIe siècle à Sorbonne Université. Ses recherches portent principalement sur les liens entre fiction et philosophie au siècle des Lumières.
=600  10$aLe Sage, Alain René,$d1668-1747$xCriticism and interpretation.
=700  1\$aBahier-Porte, Christelle,$eeditor.
=700  1\$aMartin, Christophe,$d1967-$eeditor.
=830  \0$aTheatrum mundi (Paris, France)
=852  8\$hReCAP 23-112887
=901  \\$aAUXAM
=910  \\$aRL
=935  \\$aBAH-AP SEP 2023
=949  \1$z8528$aReCAP 23-112887$i33433135521841$p25.57$vAUXAM
=960  \\$s3018$tMAL$u41901apprv
=980  \\$a230919$b2557$c461$e3018$f39000845$g1


