=LDR  05860cam a2200421 i 4500
=001  AAL08281392-0001
=003  Fr-PaAMA
=005  20230907114229.0
=008  230622t20232023fr\ab\\\\b\\\\001\0\fre\d
=020  \\$a9782406148807$q(hardback)$c29,00 EUR
=035  \\$a(OCoLC)1392409313
=040  \\$aFr-PaAMA$beng$erda
=050  \4$aGR745$b.J68 2023
=082  14$a398
=100  1\$aJouteur, Isabelle,$eauthor.
=245  12$aL'histoire du rémora :$bà quoi voulez-vous croire? /$cIsabelle Jouteur ; avec la collaboration de Johan Fourdrinoy et Germain Rousseaux.
=264  \1$aParis :$bClassiques Garnier,$c2023.
=264  \4$c©2023
=300  \\$a238 pages :$billustrations, maps ;$c22 cm.
=336  \\$atext$btxt$2rdacontent
=337  \\$aunmediated$bn$2rdamedia
=338  \\$avolume$bnc$2rdacarrier
=490  0\$aÉtudes et essais sur la Renaissance,$x1164-6152 ;$v131.$aSérie Libido sciendi ;$v2
=504  \\$aIncludes bibliographical references (pages 217-232) and index.
=505  00$t Un poisson aux pouvoirs extraordinaires -- $t Antiquité classique -- $t Le contexte d'émergence et de fixation de la légende -- $t Bizarreries aquatiques en Grèce archaïque et classique -- $t Une notice appelée à faire grand bruit -- $t Une flotte encalminée à Aulis -- $t Un bateau enraciné -- $t Le transfert à Rome : des attestations parcellaires -- $t Remora : une alternative au nom de Rome ? -- $t Le retard et les lambines -- $t L'échénéis et le pompile -- $t Une scène de magie noire -- $t Le témoignage décisif -- $t Aristote augmenté -- $t Acteur de la bataille d'Actium -- $t Un mirabile, témoin des pouvoirs occultes de la nature -- $t Digne de figurer parmi les présages -- $t L'arrière-plan politique sous-jacent : fake news ? -- $t Une action par simple contact ? -- $t Pline, scientifique selon son temps -- $t La mythification est en route -- $t Pline et la magie : entre défiance et ratification -- $t Le poisson, médiateur d'opérations magiques -- $t Retour sur la désignation du poisson : rotera ou remora ? -- $t La limace, le coquillage, la torpille et l'oursin de mer -- $t Une voix sceptique : planches pourries et bioincrustation versus sympathies et antipathies -- $t Deux "naturalistes" du Haut-Empire -- $t Un bateau sous emprise -- $t Une lamproie aux dents acérées -- $t Les enlacements du pampre et de l'échénéis -- $t Antiquité tardive -- $t La récupération par le christianisme et la perpétuation de la tradition magique -- $t Le poisson comme reflet de la puissance de Dieu -- $t Foi de Goth : paresse de matelots ! -- $t Les Cyranides, ou la trace d'une tradition hermétique -- $t Moyen âge -- $t La transmission de la légende, entre continuum et déformation -- $t La légende se fige -- $t Ligateur de rames -- $t Dérivé d'Échénéos, héros de l'Odyssée -- $t Dans les bestiaires médiévaux -- $t Les encyclopédies et le renouveau des savoirs au XIIIe siècle -- $t Au royaume de la confusion : un mixte entre poisson, crabe et oursin -- $t Merveille de l'Orient -- $t Un spécimen de la grandeur divine à opposer au serpent tentateur des hérétiques -- $t Une vulgate minimaliste -- $t Une somme des apports antiques et médiévaux -- $t Une perspective profane -- $t Absent de l'alchimie -- $t L'Hortus sanitatis et la tradition pharmacologique -- $t Naissance d'une iconographie -- $t Renaissance -- $t Premiers questionnements critiques -- $t L'humanisme et le développement des sciences naturelles -- $t Ralentissements suspects au large de l'Italie -- $t La détermination du poisson dans les traités ichtyologiques -- $t La persistance de la conception des prodiges -- $t Premières hypothèses physiques -- $t La pénétration dans le champ littéraire -- $t Le transfert dans les emblèmes -- $t Témoignages de voyageurs dans les Indes occidentales et orientales -- $t Un poisson chasseur dans les Antilles : le reversas -- $t Un bateau immobilisé entre Mozambique et Inde -- $t Époque moderne -- $t De la révolution scientifique à l'extinction de la croyance -- $t Une révolution scientifique qui tarde à agir sur les consciences -- $t Poursuite des investigations physiques à l'ère du déclin de la magie -- $t La parabole alchimique -- $t Le souffle des Lumières -- $t L'éradication du fabuleux dans les traités d'histoire naturelle du XIXe siècle -- $t Des navigateurs perplexes -- $t Expériences de laboratoire : le poisson soulève des seaux d'eau! -- $t Approches contemporaines -- $t Le bilan -- $t Le point de vue des sciences humaines -- $t L'apport des sciences fondamentales.
=520  \\$a "Un poisson minuscule capable d'immobiliser les bateaux en pleine mer. Et une bataille fameuse qui lui donna l'occasion de sévir : Actium. Telle fut la légende qui circula sur le rémora pendant plus de quinze siècles avant de s'éteindre après la révolution scientifique. Le livre recueille l'ensemble des discours qui furent tenus à son sujet, depuis Aristote jusqu'à la série Harry Potter, et met en évidence les paramètres qui favorisèrent la persistance durable de cette croyance atypique. La Renaissance joua dans ce dossier le rôle de plaque tournante, en engageant les premiers discours critiques sur la tradition. Le livre apporte également un nouvel éclairage sur le phénomène physique qui bloqua la flotte d'Antoine, en 31 avant J.-C."--Page 4 of cover.
=650  \0$aActium, Battle of, 31 B.C.
=650  \0$aRemora (Fish)$xLegends.
=650  \0$aRemora (Fish)$xFolklore.
=700  1\$aFourdrinoy, Johan,$econtributor.
=700  1\$aRousseaux, Germain,$econtributor.
=852  8\$hReCAP 23-112873
=901  \\$aAUXAM
=910  \\$aRL
=935  \\$aJOU-AP SEP 2023
=949  \1$z8528$aReCAP 23-112873$i33433135521676$p33.71$vAUXAM
=960  \\$s3832$tMAL$u41901apprv
=980  \\$a230919$b3371$c461$e3832$f39000845$g1


