=LDR  02559cam a2200349 i 4500
=001  AAL08284157-0001
=003  Fr-PaAMA
=005  20230915110505.0
=008  230705t20232023fr\\\\\\\b\\\\000\1\fre\d
=020  \\$a9782204161008$q(paperback)$c24,00 EUR
=035  \\$a(OCoLC)1395542946
=040  \\$aFr-PaAMA$beng$erda
=050  \4$aPQ2703.A859$bO63 2023
=082  14$a843
=100  1\$aCassou-Noguès, Pierre,$eauthor.
=245  12$aL'oncle :$bun impossible roman /$cPierre Cassou-Noguès.
=264  \1$aParis :$bles éditions du Cerf,$c[2023]
=264  \4$c©2023
=300  \\$a425 pages ;$c22 cm
=336  \\$atext$btxt$2rdacontent
=337  \\$aunmediated$bn$2rdamedia
=338  \\$avolume$bnc$2rdacarrier
=504  \\$aIncludes bibliographical references (pages 419-420).
=520  \\$a "Des tranchées de la Grande Guerre aux cafés parisiens, où l'on discute amour et communisme, des papiers enfouis dans une malle à Arcachon aux archives du FBI, du cabinet d'un faux dentiste à New York aux geôles de la Santé, en passant par un sanatorium à Helsinki, des liaisons passionnées aux périples clandestins, Pierre Cassou-Noguès part en quête d'une insaisissable figure familiale, aux traces aussi éparses que mystérieuses. La vie du très discret oncle Louis cacherait-elle une destinée romanesque ? Ce lettré polyglotte dirige après la guerre de 1914-1918 le service du Chiffre au ministère de la Marine. Le voici arrêté comme espion à la solde de l'URSS. Sa faute ? Il serait l'amant d'une Russe exilée, Lydia Stahl, qui, sous couvert de carrière cinématographique, trafique documents secrets et fausses monnaies. Qui fut l'oncle Louis ? Un naïf enamouré ? Un maître-espion ? Un agent double ? La victime de ta fatale Lydia ? Le manipulateur de la présomptueuse Lydia ? Un linguiste passionné de l'Allemagne ? Ou encore un adepte résolu du Komintern ? Ce récit exceptionnel, jouant des identités multiples que nourrissent les mondes souterrains et les temps troubles, mené tambour battant d'une plume superbe, constitue l'histoire d'un impossible roman."--Page 4 of cover.
=545  0\$a Écrivain et philosophe, Pierre Cassou-Noguès enseigne à l'Université Paris-8. il est également l'auteur de Virusland et de Métaphysique d'un bord de mer, aux Éditions du Cerf.
=852  8\$hReCAP 23-112861
=901  \\$aAUXAM
=910  \\$aRL
=935  \\$aCAS-AP SEP 2023
=949  \1$z8528$aReCAP 23-112861$i33433135521510$p27.90$vAUXAM
=960  \\$s3251$tMAL$u41901apprv
=980  \\$a230919$b2790$c461$e3251$f39000845$g1


