=LDR  02221cam a2200361 i 4500
=001  AAL08280447-0001
=003  Fr-PaAMA
=005  20230912133407.0
=008  230617t20232023fr\\\\\\\b\\\\000\1\fre\d
=020  \\$a9782752913807$q(paperback)$c19,50 EUR
=035  \\$a(OCoLC)1395541661
=040  \\$aFr-PaAMA$beng$erda
=050  \4$aPQ2718.U28$bE45 2023
=082  14$a843
=100  1\$aRuat, Capucine,$d1975-$eauthor.
=245  12$aL'éditeur :$broman /$cCapucine Ruat.
=264  \1$aParis :$bPhébus,$c[2023]
=264  \4$c©2023
=300  \\$a266 pages ;$c21 cm
=336  \\$atext$btxt$2rdacontent
=337  \\$aunmediated$bn$2rdamedia
=338  \\$avolume$bnc$2rdacarrier
=504  \\$aIncludes bibliographical references.
=520  \\$a "Dès les premières pages, il sait. Il est comme un chasseur qui suit une trace. Concentré, recueilli, il passe deux doigts de la main gauche sur sa lèvre supérieure. C'est un acte précieux, délicat, doux. Il est tout entier là, dans ce rituel. Il est drôle, irrévérencieux, de mauvaise foi. Flamboyant au charme fou, un peu voyou, il marque mal. Il incarne la Maison. Autour de lui, une famille d'auteurs. Les livres qu'il publie sont comme ses enfants, il les porte, les protège, les défend. Il est l'Éditeur. Et, comme la littérature, il résiste à toute définition. Il s'appelait Jean-Marc Roberts. Voilà dix ans qu'il a tiré sa révérence. À travers son souvenir, Capucine Ruat, éditrice auprès de lui durant quinze ans, raconte l'édition, cette passion brûlante. Et, sous sa plume subtile, ce créateur inclassable rejoint enfin la tribu des personnages de roman."--Page 4 of cover.
=545  0\$a Capucine Ruat est écrivain et éditrice. Après avoir travaillé aux Éditions Stock, elle a créé l'agence littéraire Maison Ruat. L'Éditeur  est son troisième roman après Celle qui ne parle pas (Stock, 2006) et J'attends (Stock, 2011).
=600  10$aRoberts, Jean-Marc,$d1954-2013$vFiction.
=852  8\$hReCAP 23-112880
=901  \\$aAUXAM
=910  \\$aRL
=935  \\$aRUA-AP SEP 2023
=949  \1$z8528$aReCAP 23-112880$i33433135521601$p22.67$vAUXAM
=960  \\$s2728$tMAL$u41901apprv
=980  \\$a230919$b2267$c461$e2728$f39000845$g1


