=LDR  05146cam a2200421 i 4500
=001  AAL08294284-0001
=003  Fr-PaAMA
=005  20230918111411.0
=008  230808t20232023fr\b\\\\\b\\\\001\0\fre\d
=020  \\$a9782379332715$q(paperback)$c23,00 EUR
=035  \\$a(OCoLC)1395542325
=040  \\$aFr-PaAMA$beng$erda
=043  \\$ae-fr---
=050  \4$aDC65$b.D86 2023
=082  14$a944
=100  1\$aDumézil, Bruno,$d1976-$eauthor.
=245  12$aL'empire mérovingien :$bVe-VIIIe siècle /$cBruno Dumézil.
=250  \\$a1re édition.
=264  \1$aParis :$bPassés-composés,$c2023.
=264  \4$c©2023
=300  \\$a346 pages :$bmap ;$c22 cm
=336  \\$atext$btxt$2rdacontent
=337  \\$aunmediated$bn$2rdamedia
=338  \\$avolume$bnc$2rdacarrier
=500  \\$aIncludes glossary.
=504  \\$aIncludes bibliographical references (pages 321-332) and index.
=505  00$t L'empire : des mots, des idées, des pratiques -- $t L'aridité du champ documentaire -- $t Le monde mérovingien comme zone de combat : romanistes contre germanistes -- $t Généalogie simplifiée des Mérovingiens -- $g 1. $t Les origines de la puissance : du peuple au royaume -- $t Les premiers Francs -- $t Aux origines de la royauté -- $t Pouvoirs et légitimité après 476 -- $t L'identité franque en construction -- $t Clovis et l'essor territorial des Francs -- $g 2. $t Les défis dynastiques : conquêtes et conflits, 511-568 -- $t Diviser mais régner -- $t L'essor du royaume de l'Est -- $t Le partage de 561 : vers la fin de l'expansion -- $g 3. $t Les défis administratifs -- $t Les ressources intellectuelles et humaines -- $t Le Palais -- $t Cités et pagi -- $t Naissance des duchés périphériques -- $t Le territoire de la guerre -- $g 4. $t La monarchie chrétienne -- $t Rois au nom du Christ -- $t Souverains et conciles -- $t Avec les évêques, face aux évêques -- $g 5. $t L'épreuve de la guerre civile, 568-613 -- $t Querelles dynastiques : la norme et l'extraordinaire -- $t Les reines mères à la manœuvre -- $t Le jeu des grands -- $t L'émancipation inégale des périphéries -- $t Les derniers feux de la diplomatie méditerranéenne -- $g 6. $t Le VIIe siècle, l'entrée dans un monde nouveau -- $t À l'est, beaucoup de nouveau -- $t Le succès du monachisme "irlandais ", un révélateur -- $t L'essor de la noblesse -- $t Des identités en recomposition -- $g 7. $t La stabilisation : Clotaire et Dagobert I ", 613-639" -- $t La reprise en main des trois royaumes -- $t Austrasie et Burgondie : les forces centrifuges contenues -- $t L'adroit roi Dagobert -- $t Les nouvelles marges du monde franc -- $g 8. $t La rupture du consensus, 639-681 -- $t Sigebert III et Clovis II : deux débuts de règne difficiles -- $t La collégialité comme réponse à la crise : les années 640 -- $t De la mère du roi au maire du Palais : 650-670 -- $t La réunification ratée du regnum Francorum -- $t De l'âge d'or à l'âge d'argent -- $g 9. $t Crépuscule d'une dynastie, 681-726 -- $t Pépin II de Herstal, entre continuité et innovation -- $t Conquêtes et mission -- $t 711-721 : un moment de dislocation -- $g 10. $t Renaissance d'un empire -- $t Charles Martel sur tous les fronts -- $t Fidéliser les leudes -- $t Une nouvelle vision de l'Église -- $t Un Mérovingien, deux Pippinides, et encore beaucoup de ducs -- $t À la fin, il ne peut en rester qu'un.
=520  \\$a "Des temps mérovingiens ne surnagent aujourd'hui que quelques images d'Épinal : le vase de Soissons, la culotte du bon roi Dagobert... Si rien ne prédisposait les rois des Francs à diriger un vaste territoire en Europe, il y eut pourtant une dynastie qui occupa le trône trois siècles durant, plus que toutes autres à l'exception des Capétiens. Comment les Mérovingiens parvinrent-ils à un tel succès ? Pour comprendre la création de cet empire informel et sa pérennité, Bruno Dumézil sollicite, à nouveau frais, l'ensemble de la documentation. De Childéric et son fils Clovis aux "rois fainéants", l'auteur montre que le monde mérovingien se maintint parce qu'il fut sans cesse agité de mouvements, que l'on peut considérer comme des crises ou comme des réformes, mais qui obligeaient de multiples acteurs à s'investir dans la vie du royaume : institutions, relations avec le roi, identités présentes ou passées, tout pouvait être discuté ou reformulé. Tel fut le monde de Théodebert le Grand, Brunehaut, Chilpéric Ier, Frédégonde et de leur famille, tel fut l'empire des Mérovingiens."--Page 4 of cover.
=545  0\$a Normalien, agrégé d'histoire et docteur en histoire médiévale, Bruno Dumézil est professeur à Sorbonne Université. Il est l'auteur de livres de référence, dont La reine Brunehaut, Les Barbares ou encore Le Baptême de Clovis : 24 décembre 505 ?
=650  \0$aMerovingians.
=651  \0$aFrance$xHistory$yTo 987.
=852  8\$hReCAP 23-112877
=901  \\$aAUXAM
=910  \\$aRL
=935  \\$aDUM-AP SEP 2023
=949  \1$z8528$aReCAP 23-112877$i33433135521635$p27.90$vAUXAM
=960  \\$s3251$tMAL$u41901apprv
=980  \\$a230919$b2790$c461$e3251$f39000845$g1


